1939 3214
351 139 407 181 80
938 134 1180 171 PLATONIS

350 239 399 282 δὲ
431 239 634 293 δένδρων
662 238 877 292 καρπούς,
915 243 1006 285 τοῖς
1036 236 1085 278 δὲ
1122 235 1260 290 ῥίζας·
1300 238 1394 278 ἔστι
1429 237 1471 277 δ’
1511 231 1576 286 οἷς
1605 237 1775 279 ἔδωκεν

351 302 466 348 εἶναι
502 304 676 361 τροφὴν
714 301 836 360 ζῴων
874 302 1027 345 ἄλλων
1063 303 1220 358 βοράν.
1284 302 1358 344 καὶ
1389 310 1481 352 τοῖς
1510 304 1592 358 μὲν
1623 302 1774 358 ὀλιγο-

349 374 509 427 γονίαν
539 374 760 427 προσῆψε,
792 378 883 421 τοῖς
914 369 956 412 δ’
990 366 1358 425 ἀναλισκομένοις
1388 367 1475 411 ὑπὸ
1496 371 1670 412 τούτων
1692 384 1774 412 πο-

305 447 332 483 C
351 441 590 494 λυγονίαν,
632 440 857 493 σωτηρίαν
894 441 955 493 τῷ
986 438 1106 491 γένει
1137 439 1344 492 πορίζων.
1405 435 1482 479 ἅτε
1514 436 1567 492 δὴ
1600 431 1687 480 οὖν
1719 436 1773 479 οὐ

349 507 471 549 πάνυ
508 522 550 548 τι
589 504 729 560 σοφὸς
761 504 827 548 ὢν
858 504 880 547 ὁ
909 503 1177 559 Ἐπιμηθεὺς
1208 506 1373 546 ἔλαθεν
1404 501 1546 546 αὑτὸν
1576 520 1774 546 κατανα-
1798 521 1814 547 5

350 574 497 623 λεόσας
527 572 605 622 τοὶς
627 573 855 626 δυνάμεις.
908 571 1067 614 λοιπὸν
1099 571 1152 626 δή
1188 570 1442 626 ἀκόσμητον
1473 572 1536 613 ἔτι
1567 570 1686 627 αὐτῷ
1716 567 1776 626 ἦν

348 639 398 684 τὸ
436 638 697 696 ἀνθρώπων
735 640 885 694 γένος,
926 640 1000 681 καὶ
1037 639 1197 694 ἠπόρει
1236 638 1260 681 ὅ
1299 639 1600 694 τινχρήσαιτο,
1663 636 1774 680 ἄπο-

350 708 506 763 ροῦντι
546 708 594 749 δὲ
634 705 754 762 αὐτῷ
792 709 965 762 ἔρχεται
997 706 1272 761 Προμηθεὺς
1312 705 1665 760 ἐπισκεψόμενος
1693 703 1777 759 τὴν

348 775 507 831 νομήν,
541 775 615 817 καὶ
637 772 720 831 ὁρᾷ
741 772 794 816 τοὶ
815 774 897 829 μὲν
929 773 1044 816 ἄλλα
1066 776 1152 830 ζῷα
1178 774 1376 829 ἐμμελῶς
1396 773 1579 815 πάντων
1601 774 1774 827 ἔχοντα,

347 842 426 885 τὸν
458 843 506 885 δὲ
538 842 787 898 ἄνθρωπον
817 842 993 896 γυμνόν
1025 857 1071 883 τε
1100 842 1174 883 καὶ
1196 839 1482 895 ἀνυπόδητον
1504 840 1578 883 καὶ
1600 839 1771 893 ἄστρω-
1793 855 1824 882 10

348 926 426 953 τον
458 910 532 952 καὶ
564 910 750 951 ἄοπλον.
801 908 885 964 ἤδη
918 909 966 951 δὲ
998 910 1072 951 καὶ
1102 926 1128 964 η
1162 909 1404 963 εἱμαρμένη
1435 907 1577 962 ἡμέρα
1609 910 1775 962 παρῆν,

351 977 401 1019 έν
430 973 460 1032 ἧ
491 979 576 1019 ἔδει
608 975 682 1018 καὶ
713 976 964 1031 ἄνθρωπον
996 977 1158 1027 ἐξιέναι
1192 976 1240 1017 ἐκ
1271 978 1351 1030 γῆς
1374 976 1434 1024 εἰς
1456 977 1563 1029 φῶς.
1611 973 1778 1030 ἀπορία

292 1062 323 1096 D
350 1038 435 1087 οὖν
476 1046 686 1100 ἐχόμενος
724 1043 746 1085 ὁ
786 1043 1082 1098 Προμηθεύς,
1129 1042 1290 1097 ἥντινα
1332 1043 1558 1096 σωτηρίαν
1596 1044 1657 1096 τῷ
1696 1039 1776 1082 ἀν-

348 1112 520 1168 θρώπῳ
561 1110 709 1166 εὕροι,
751 1111 930 1152 κλέπτει
961 1107 1210 1164 Ἡφαίστου
1248 1110 1323 1150 καὶ
1357 1106 1549 1162 Ἀθηνᾶς
1586 1106 1669 1163 τὴν
1701 1109 1776 1150 ε”ν-

347 1196 506 1235 τεχνον
553 1181 720 1234 σοφίαν
765 1178 852 1220 σὺν
900 1179 1015 1232 πυρί
1054 1203 1109 1209 —-
1155 1175 1388 1232 ἀμήχανον
1431 1173 1516 1230 γάρ
1561 1170 1619 1230 ἧν
1661 1174 1773 1217 ἄνευ
1792 1190 1823 1216 15

463 1308 494 1338 6.
528 1301 610 1342 τὰς
644 1299 874 1344 δυνάμεις
899 1301 944 1334 Β;
978 1298 1046 1341 τὰς
1079 1298 1264 1345 δυνάμεις
1299 1298 1353 1339 εἰς
1389 1296 1435 1333 τὰ
1461 1295 1583 1343 ἄλογα
1608 1297 1648 1333 Τ.
1720 1297 1775 1343 δὴ

350 1346 591 1393 ἀκόσμητον,
628 1346 729 1389 quod
761 1346 909 1380 Bekker
941 1346 1115 1388 dederas,
1150 1345 1291 1380 Sohanz
1327 1355 1371 1379 ex
1404 1344 1434 1378 T
1467 1354 1593 1378 rursus
1626 1344 1778 1388 recepi&

351 1389 611 1438 διακοσμητὸν
629 1392 670 1435 Β,
698 1401 770 1443 quo
791 1388 838 1434 δὴ
858 1390 917 1425 hic
928 1391 1184 1435 „confirmatum
1213 1400 1327 1447 quare
1353 1389 1468 1433 paulo
1494 1388 1664 1432 superius
1689 1388 1774 1422 seri-

350 1439 510 1474 bendum
538 1438 704 1481 suspicor
731 1433 797 1471 α’τε
826 1434 870 1470 δὲ
897 1435 966 1471 οὖν
992 1432 1065 1471 mg.
1139 1439 1191 1472 13.
1217 1433 1444 1479 εχόμενος
1470 1433 1514 1467 T:
1543 1430 1723 1477 σχόμενος
1748 1432 1777 1467 Β

352 1484 497 1519 scribae
524 1492 661 1524 errore,
687 1483 730 1515 u‘c
753 1481 791 1515 in
816 1480 897 1525 ipso
922 1480 1019 1515 libro
1044 1480 1243 1522 indicabur,
1271 1479 1318 1513 ef.
1348 1479 1392 1513 de
1418 1478 1490 1522 leg.
1510 1490 1545 1522 p.
1566 1481 1631 1513 780
1649 1477 1675 1512 Β
1701 1474 1777 1514 ὑπὸ

352 1530 498 1572 πολλῆς
525 1525 691 1570 ἀπορίας
718 1525 912 1570 ἐχομένοις
938 1526 1065 1569 (τοῦτο
1092 1523 1268 1569 ἐγένετο).

395 1634 428 1665 5.
459 1627 637 1664 ἔλαθεν
671 1623 812 1661 αὑτὸν
827 1646 869 1652 -
887 1623 1030 1660 δυνά-

353 1689 377 1720 μ
389 1687 404 1710 ε
415 1688 427 1707 ι
438 1674 478 1718 ς]
528 1672 770 1717 Epimetheus
817 1670 1028 1713 faml‘cabes,

351 1731 444 1763 quas
476 1729 498 1752 a
529 1718 599 1751 diis
631 1717 828 1759 acceperat
859 1715 1030 1750 omnibus

351 1763 572 1799 animalibus
587 1762 850 1796 convenienter
863 1761 1029 1794 tribuen—

352 1810 429 1852 das,
447 1807 663 1852 imprudens
677 1807 969 1849 consumpserat,
990 1806 1031 1839 ut

1101 1626 1288 1678 οπλοςκαὶ
1303 1621 1542 1663 ἆνυπόδετος
1557 1623 1621 1658 καὶ
1636 1620 1778 1667 ἄστρω-

1101 1683 1163 1711 τος
1195 1667 1270 1705 υπὸ
1304 1671 1373 1713 τῆς
1406 1665 1556 1713 φύσεως
1581 1665 1778 1703 ἀπολέλει-

1100 1728 1204 1750 πται.
1255 1714 1434 1748 Similiter
1476 1713 1650 1747 Seneca
1687 1712 1779 1748 Con-

1101 1760 1205 1797 solab.
1237 1760 1286 1794 ad
1318 1759 1430 1795 Maro.
1456 1758 1522 1792 XI:
1562 1757 1677 1799 Quid
1710 1759 1779 1792 est

1100 1805 1255 1840 homo?
1292 1803 1581 1838 imbecillum
1614 1812 1780 1847 corpus

353 1865 427 1898 qua
457 1864 496 1888 re
527 1851 717 1886 hominem
754 1851 920 1893 ornat-eb,
957 1860 1029 1884 non

351 1898 519 1933 haberet.
567 1896 687 1930 Homo
729 1897 873 1938 autem,
916 1906 1030 1939 quum

351 1943 432 1987 ipse
463 1942 628 1977 nondum
660 1940 882 1985 sapientiam
907 1950 950 1974 ac
974 1951 1031 1974 ra—

351 1989 492 2023 tionem
516 1987 686 2028 haberet,
712 1996 824 2028 quam
849 1985 1030 2028 Prolzago·

352 2044 416 2068 rae
450 2031 600 2075 quidem
632 2030 818 2065 sententia
854 2040 921 2073 pro
958 2029 1030 2063 illis

353 2077 443 2121 ipsis
466 2075 708 2110 facultatibus
733 2075 865 2118 postea
897 2084 918 2107 a
942 2073 1030 2107 Pro-

352 2121 502 2156 me‘oheo
535 2120 696 2164 accepit,
728 2129 801 2153 non
826 2119 950 2162 potuit
975 2129 1027 2153 re-

352 2166 463 2210 liquis
490 2165 712 2200 animalibus
737 2165 918 2206 tanquam
950 2168 1030 2204 τοίς

352 2209 506 2256 ἀλόγοις
533 2210 682 2254 opponi.

398 2261 429 2292 7.
457 2252 711 2297 ἀποροῦντι
739 2252 786 2288 δὲ
813 2251 935 2296 αὐτῷ
963 2252 1032 2298 ἕρ-

354 2301 508 2346 χεται]
553 2298 822 2334 Haesitanti
870 2310 1031 2342 super-

354 2346 480 2381 venit
503 2345 816 2380 Prometheus.
864 2344 950 2377 Fuit
967 2343 1031 2386 qui

354 2388 554 2435 ἐπέρχεται
568 2388 805 2423 scribendum
820 2388 1032 2424 conficeret.

352 2437 403 2470 At
428 2434 595 2470 conferas
620 2433 821 2476 Xenoph.
840 2433 965 2477 Symp.
986 2433 1032 2475 ΙΙ,

354 2485 389 2515 1:
424 2479 574 2524 ἔρχεται
607 2474 772 2516 αὐτοῖς
809 2476 870 2512 ἐπὶ
906 2480 1032 2522 κῶμον

355 2522 621 2570 Συρακούσιος
665 2519 882 2567 ἅνθρωπος.
930 2523 1031 2557 Ari-

354 2570 501 2613 stoph,
526 2568 668 2613 Equitt.
693 2580 724 2602 v.
752 2571 832 2602 818:
860 2565 945 2611 ἥξει
973 2580 1033 2602 σοι

356 2612 505 2659 δριμύς,
534 2610 721 2659 ἄγροικος.
747 2611 911 2656 Thucyd.
932 2613 957 2649 I.
977 2617 1031 2655 27,

357 2663 394 2700 1;
421 2663 476 2703 61,
506 2663 521 2693 1
551 2659 596 2693 al.
640 2658 731 2692 Cum
763 2657 941 2701 proximis
967 2669 1031 2702 op-

355 2704 513 2747 portune
577 2702 734 2737 oontulih
797 2701 832 2735 H
842 2701 910 2735 ein
921 2703 942 2736 d
953 2714 972 2737 o
983 2703 1030 2739 rf.

355 2748 586 2782 Plutarch.
616 2747 662 2781 de
688 2747 850 2781 Fortuna
866 2759 903 2791 p.
924 2747 1029 2781 98D:

356 2793 472 2837 μόνος
514 2792 556 2827 δὲ
597 2789 615 2827 ὁ
660 2788 865 2834 ἄνθρωπος
914 2792 1031 2826 κατὰ

357 2837 435 2873 τὸν
455 2834 685 2873 Πλάτωνα
709 2834 853 2881 ’γυμνὸς
876 2837 942 2872 καὶ
968 2833 1031 2871 ἄν·

1102 1851 1146 1885 et
1177 1849 1364 1894 fragile,
1395 1848 1580 1892 nudum,
1615 1847 1779 1891 suapte

1102 1896 1269 1929 natura
1332 1894 1523 1935 inerme,
1594 1892 1779 1926 alienae

1102 1939 1200 1984 opis
1236 1938 1475 1982 indigens,
1516 1937 1571 1972 ad
1608 1947 1779 1972 omnem

1099 1985 1314 2019 fortunae
1334 1981 1657 2016 contumeliam
1674 1992 1779 2026 pro-

1099 2029 1277 2063 iectum.
1326 2027 1455 2061 Stallb.
1511 2026 1565 2061 De
1613 2026 1778 2071 genitivo

1100 2072 1254 2108 πάντων
1273 2084 1318 2107 ex
1343 2070 1510 2115 ἐμμελῶς
1536 2070 1673 2115 ἔχοντα
1690 2082 1780 2116 pen·

1100 2119 1212 2154 denfie
1238 2130 1271 2155 v,
1297 2117 1413 2161 Kriig.
1441 2116 1502 2154 Gr.
1527 2120 1582 2151 47.
1610 2120 1661 2157 10,
1688 2119 1717 2153 5,

1147 2168 1199 2198 12.
1238 2161 1284 2198 ἐν
1325 2157 1347 2207 ᾗ
1390 2161 1489 2197 ἔδει
1530 2161 1606 2195 καὶ
1645 2158 1779 2204 dimasto.

1102 2205 1118 2243 ἐ
1130 2210 1175 2253 g]
1191 2207 1316 2242 omnia
1329 2207 1444 2251 igitur
1456 2205 1634 2241 animalia
1648 2205 1780 2240 eodem

1102 2253 1161 2288 die
1186 2253 1223 2287 in
1249 2253 1369 2287 lucem
1393 2250 1573 2296 prodiisse
1598 2250 1778 2294 Protago-

1100 2309 1160 2333 ras
1187 2297 1338 2332 censuit.

1149 2347 1199 2380 14.
1233 2341 1316 2386 τὴν
1349 2341 1567 2385 ἔντεχνον
1592 2341 1778 2385 σοφίαν]

1100 2388 1393 2423 faebitandarum
1434 2385 1571 2419 artium
1610 2384 1780 2419 sollertia

1104 2432 1224 2476 quum'
1247 2431 1389 2466 homini
1410 2431 1433 2465 i.
1462 2441 1493 2464 e.
1519 2430 1682 2464 humano
1716 2440 1780 2472 ge-

1101 2477 1182 2512 neri
1217 2488 1283 2521 pro
1316 2476 1523 2510 ceberorum
1560 2473 1779 2508 animalium

1101 2521 1341 2557 facultatibus
1361 2531 1383 2554 a
1402 2519 1624 2554 Prometheo
1641 2519 1780 2553 donata

1102 2568 1160 2610 sit,
1186 2565 1437 2608 consequihur‚
1463 2575 1589 2599 omnes
1607 2563 1778 2598 homines

1101 2612 1166 2646 illa
1201 2610 1306 2645 inibio
1345 2610 1444 2644 cei-be
1480 2619 1623 2652 rerum,
1662 2607 1778 2643 donee

1102 2656 1257 2692 societas
1297 2655 1482 2698 quaedam
1518 2654 1680 2687 humana
1717 2663 1778 2687 ex-

1103 2701 1212 2743 sbifflz,
1249 2701 1393 2744 pariter
1424 2709 1508 2733 usos
1540 2708 1616 2732 esse
1629 2724 1637 2740 ,
1672 2709 1704 2734 V.
1730 2697 1778 2732 ad

1101 2758 1136 2790 p.
1165 2749 1229 2780 322
1248 2745 1286 2779 B.

1148 2794 1200 2825 15.
1216 2787 1297 2825 σὺν
1322 2788 1450 2833 πυρί]
1471 2788 1580 2822 Arbes
1605 2797 1679 2821 non
1697 2787 1778 2831 pot-

1104 2836 1197 2870 uisse
1236 2834 1313 2869 sine
1352 2833 1448 2877 ignis
1473 2844 1540 2866 usu
1567 2831 1687 2866 excoli
1713 2831 1778 2866 aut
