1939 3214
329 147 378 187 16
840 141 1205 178 PROLEGOMENA

326 246 468 301 gando
511 245 591 287 sibi
631 244 902 298 satisfecerit,
941 243 1127 284 vicissim
1157 242 1278 284 illum
1308 241 1366 282 sit
1396 241 1750 296 interrogaturus.

438 358 671 411 Postquam
702 356 837 410 igitur
868 356 917 397 de
948 355 1015 396 his
1046 355 1159 396 inter
1189 368 1260 395 eos
1293 353 1509 404 convenit,
1542 353 1751 409 Protago-

325 428 414 468 ras,
456 414 527 467 qui
566 426 766 468 magnam
808 411 1061 453 liberalioris
1093 410 1342 451 eruditionis
1372 411 1538 463 partem
1567 410 1751 463 positam

327 484 416 511 esse
465 472 609 511 censet
657 469 703 508 in
740 468 996 508 carminibus
1034 465 1387 520 interpretandis,
1427 479 1671 507 sermonem·
1704 467 1750 507 in

327 525 558 568 Simonidis
591 538 774 574 carmen,
808 523 918 577 quod
939 523 984 563 in
1006 522 1166 576 Scopae
1188 521 1396 563 honorem
1419 523 1510 562 erat
1531 522 1751 575 scriptum,

325 581 532 623 transfert
570 583 612 621 et
649 594 700 620 ex
739 579 930 627 Socrate,
978 578 1050 632 qui
1089 579 1134 618 in
1174 591 1223 619 eo
1264 578 1451 619 carmine
1489 577 1669 618 multum
1707 592 1751 619 se

327 638 456 679 studii
496 636 724 677 collocasse
764 635 1005 688 profitetur,
1045 634 1228 688 quaerit,
1274 648 1376 674 num
1415 634 1522 675 bene
1561 635 1604 674 et
1638 635 1753 674 recte

328 693 614 747 compositum
646 692 684 732 ei
716 691 920 732 videatur.
982 689 1230 744 Respondet
1251 689 1457 743 Socrates,
1489 688 1599 730 nihil
1631 703 1675 730 se
1705 689 1753 730 in

327 749 532 799 carmine,
566 747 677 801 quod
707 746 1003 801 reprehendat,
1034 746 1228 787 invenire
1258 748 1466 800 rogatque
1489 759 1562 786 cur
1582 745 1647 786 illi
1668 745 1752 786 dis-

326 804 514 860 pliceat?
573 803 682 844 Tum
712 803 972 857 Protagoras
1010 802 1160 843 docere
1202 804 1378 843 conatur
1407 803 1577 856 poetam
1608 815 1753 843 secum

327 861 567 916 pugnantia
606 860 763 912 dicere,
809 860 965 913 quippe
1003 859 1076 913 qui
1115 858 1253 912 primo
1289 858 1380 912 ipse
1418 860 1550 912 ponat
1579 857 1753 899 difficile

327 932 418 959 esse
447 918 585 958 virum
617 917 777 957 bonum
809 916 1000 966 existere,
1034 915 1186 956 deinde
1216 914 1440 966 Pittacum,
1472 914 1543 968 qui
1574 914 1752 955 difficile·

327 973 480 1014 dixerit
517 973 699 1027 probum
737 985 850 1025 esse,
888 971 1099 1024 vituperet
1137 984 1186 1012 ac
1225 971 1436 1024 corripiat.
1499 968 1597 1021 Qua
1629 970 1753 1023 culpa

332 1033 380 1070 ut
419 1028 658 1070 Simonides
701 1027 922 1079 liberetur,
972 1026 1166 1068 Socrates
1204 1026 1384 1067 Prodico
1430 1028 1604 1067 auctore
1649 1025 1754 1066 duas

331 1085 535 1140 proponit
564 1084 791 1124 verborum
822 1083 1145 1137 explicationes,
1179 1096 1355 1136 quarum
1385 1084 1581 1122 neutram
1604 1081 1754 1123 Prota-

328 1155 456 1196 goras
487 1140 687 1183 admittit.
745 1139 828 1180 338
850 1139 887 1180 Ε
912 1163 961 1169 -
983 1139 1067 1180 342
1085 1140 1136 1180 Α.

443 1197 617 1250 Iamque
649 1195 846 1237 Socrates
889 1209 1007 1236 suam
1046 1196 1180 1249 ipsius
1211 1194 1467 1236 sententiam
1499 1193 1631 1248 longa
1661 1208 1754 1236 ora-

331 1254 448 1294 tione
481 1252 691 1306 expromit
721 1254 764 1292 et
783 1253 1009 1305 postquam
1030 1251 1275 1292 admirabili
1295 1264 1390 1291 cum
1411 1249 1607 1291 irrisione
1627 1250 1753 1291 Lace-

332 1310 577 1351 daemonios
610 1310 653 1349 et
674 1307 898 1350 Cretenses
929 1307 1117 1349 laudavit
1138 1310 1345 1361 tanquam
1366 1306 1602 1360 sapientiae
1625 1309 1754 1360 atque

333 1365 620 1419 sophistarum
651 1363 902 1417 disciplinae
928 1363 1260 1404 studiosissimos
1283 1365 1325 1403 et
1345 1362 1530 1403 breviter
1551 1364 1755 1416 acuteque

332 1422 458 1463 dictis
490 1420 767 1469 clarissimos,
799 1419 904 1459 illud
937 1433 1106 1460 carmen
1137 1418 1429 1461 Simonideum
1460 1418 1521 1458 ita
1549 1419 1755 1472 interpre-

331 1480 459 1528 tatur,
492 1479 539 1517 ut
569 1478 751 1530 poetam,
784 1475 940 1516 Pittaci
972 1475 1131 1516 dictum
1162 1475 1329 1529 aliquod
1357 1473 1753 1528 reprehendentem,

330 1534 436 1575 haec
467 1533 557 1574 fere
589 1532 724 1573 dicere
757 1531 1047 1573 demonstret:
1087 1531 1275 1572 Difficile
1308 1545 1397 1572 esse
1427 1530 1564 1570 virum
1595 1531 1755 1572 bonum

328 1589 481 1643 fieri,
514 1602 562 1629 ac
592 1587 684 1629 falli
705 1587 934 1639 Pittacum,
968 1588 1040 1642 qui
1070 1587 1207 1628 virum
1237 1587 1396 1628 bonum
1427 1600 1540 1627 esse
1565 1587 1633 1628 vel
1653 1601 1756 1627 ma·

328 1659 455 1686 nere
488 1644 662 1685 difficile
694 1658 786 1685 esse
818 1643 996 1684 dixerit:
1035 1643 1119 1684 hoc
1150 1644 1264 1684 enim
1294 1643 1339 1684 in
1371 1642 1506 1683 solum
1538 1642 1661 1683 deum
1692 1654 1757 1683 ca·

329 1703 446 1753 dere,
484 1701 695 1741 humanae
725 1699 1010 1740 imbecillitati
1042 1713 1132 1740 esse
1153 1699 1433 1754 negatum27).
1486 1698 1567 1740 Sed
1588 1704 1756 1753 praeter

331 1758 446 1799 hunc
479 1771 648 1798 sensum
681 1755 944 1810 probabilem
975 1756 1112 1796 faceta
1143 1756 1217 1796 illa
1248 1755 1388 1795 ironia
1420 1769 1470 1795 ex
1501 1754 1755 1796 Simonideis

336 1814 474 1855 verbis
507 1815 657 1854 contra
686 1814 838 1866 poetae
869 1812 1125 1853 sententiam
1156 1825 1205 1852 ea
1226 1811 1354 1852 etiam
1376 1811 1498 1864 eruit,
1530 1825 1635 1865 quae
1657 1825 1756 1852 suae

330 1870 463 1924 ipsius
495 1869 713 1910 doctrinae
745 1867 1019 1921 respondent.
1080 1867 1128 1908 P.
1161 1868 1245 1908 334
1266 1866 1298 1908 O
1321 1892 1376 1897 —
1397 1867 1478 1908 347
1501 1867 1555 1907 Α.

444 1927 586 1978 Atque
641 1924 751 1965 hanc
797 1923 1057 1965 Socraticam
1103 1923 1303 1964 carminis
1351 1922 1752 1976 interpretationem

330 1982 508 2023 mirifice
538 1980 692 2034 probat
722 1979 902 2033 Hippias
935 1979 1139 2033 sophista.
1201 1979 1283 2027 Qui
1313 1981 1476 2029 tamen,
1514 1982 1562 2019 ut
1593 1978 1756 2020 scilicet

330 2052 432 2078 suae
479 2050 647 2090 quoque
692 2036 930 2089 sapientiae
976 2035 1192 2090 specimen
1231 2035 1402 2089 aliquod
1441 2034 1663 2085 exhibeat,
1705 2035 1755 2076 de

331 2093 479 2135 eodem
503 2092 690 2133 carmine
713 2092 948 2132 orationem
968 2092 1126 2133 habere
1147 2091 1349 2132 instituit.
1391 2090 1472 2133 Sed
1495 2091 1607 2131 enim
1631 2091 1755 2132 homo

331 2149 557 2190 admodum
578 2148 826 2189 ambitiosus
848 2148 902 2188 ab
919 2147 1153 2198 Alcibiade,
1177 2161 1420 2189 sermonum
1442 2146 1756 2189 Socraticorum

334 2205 620 2259 cupidissimo,
643 2207 881 2258 opportune
900 2204 1168 2254 admonetur,
1189 2218 1242 2244 ne
1264 2204 1306 2244 id
1322 2203 1473 2245 faciat:
1496 2203 1754 2257 colloquium

334 2262 468 2314 enim,
500 2275 523 2301 a
554 2260 728 2302 Socrate
760 2263 802 2302 et
832 2260 1069 2314 Protagora
1098 2260 1365 2312 institutum,
1405 2274 1494 2301 esse
1524 2259 1753 2313 profligan-

448 2386 505 2426 27)
532 2382 642 2425 Vere,
667 2382 816 2426 opinor,
844 2381 1303 2417 Schleiermacherus
1327 2382 1448 2416 Praef.
1487 2382 1535 2416 ad
1559 2381 1754 2426 Protagor.

332 2440 370 2472 p.
388 2432 470 2463 234:
498 2427 633 2470 „Was
659 2428 735 2462 des
754 2427 970 2462 Socrates
988 2427 1199 2471 Deutung
1215 2439 1300 2462 von
1317 2427 1414 2460 dem
1435 2426 1661 2461 Gedichte
1679 2427 1755 2462 des

334 2472 594 2507 Simonides
619 2472 823 2514 befirifft,
850 2483 935 2506 von
961 2472 1058 2505 dem
1082 2483 1163 2505 uns
1189 2472 1343 2506 nichts
1369 2471 1586 2506 erhalten
1609 2471 1672 2505 ist
1690 2473 1754 2506 als

334 2518 448 2552 eben
475 2517 603 2551 diese
621 2516 956 2558 Bruchstiicke,
984 2516 1082 2550 dass
1108 2527 1153 2550 es
1177 2515 1377 2551 n'amlich
1395 2516 1494 2550 eine
1511 2517 1639 2559 Riige
1660 2517 1754 2551 sein

334 2562 423 2596 soll
447 2572 593 2606 gegen
619 2562 701 2596 den
719 2561 896 2605 Spruch
922 2562 998 2596 des
1024 2561 1253 2600 Pittakus,
1280 2571 1325 2594 so
1350 2560 1409 2594 ist
1433 2562 1498 2595 sie
1523 2572 1603 2605 gar
1627 2561 1756 2595 nicht

333 2606 561 2651 lediglich
592 2606 660 2641 als
686 2606 849 2641 Scherz
881 2619 931 2641 zu
967 2605 1168 2642 nehmen.
1217 2606 1517 2650 Wenigstens
1541 2605 1754 2640 besitzen

334 2651 415 2685 wir
439 2651 553 2685 noch
580 2651 650 2685 ein
675 2651 923 2696 allgemein
948 2651 1043 2685 dem
1066 2650 1318 2685 Simonides
1336 2650 1754 2695 zugeschriebenes

334 2695 420 2729 und
454 2695 619 2730 diesem
650 2695 749 2730 hier
778 2696 823 2729 in
848 2695 1051 2739 Sprache
1077 2696 1165 2729 und
1189 2695 1362 2730 Manier
1387 2695 1754 2730 unverkennbar

335 2739 575 2774 {thuliches
601 2739 815 2782 Gedicht,
841 2741 1041 2775 welches
1067 2741 1164 2775 sich
1189 2740 1304 2774 eben
1330 2751 1374 2774 so
1399 2740 1653 2784 polemisch
1679 2739 1758 2774 auf

336 2784 412 2818 das
442 2784 500 2818 im
525 2785 759 2819 Phaedrus
792 2786 1070 2830 angefiihrte
1102 2784 1368 2830 Epigramm
1401 2785 1475 2820 des
1500 2784 1753 2819 Kleobulus

335 2829 534 2873 bezieht,
561 2829 639 2864 der
657 2829 706 2872 J'a
730 2829 841 2864 auch
867 2842 917 2863 zu
944 2830 1026 2865 den
1051 2830 1216 2865 Sieben
1241 2830 1469 2874 gehcrte.“
