1939 3214
321 150 401 191 124
908 145 1144 181 PLATONIS

320 249 657 304 διαλεγομένοιν
679 243 913 302 ἀκροατάς,
948 251 1074 297 ἴσους
1105 247 1153 289 δὲ
1185 246 1256 302 μή.
1305 248 1397 288 ε”στι
1430 247 1514 301 γὰρ
1548 245 1602 289 οὐ
1634 244 1743 288 ταύ-

319 317 419 360 τόν·
462 318 593 371 κοινῇ
630 316 712 370 μὲν
750 314 834 369 γὰρ
874 314 1062 357 ἀκοῦσαι
1102 316 1173 356 δεῖ
1208 312 1500 369 ἀμφοτέρων,
1542 313 1599 369 μή
1641 317 1744 356 ἴσον

322 385 370 428 δὲ
407 391 554 438 νεῖμαι
593 381 804 438 ἑκατέρῳ,
846 379 959 423 ἀλλὰ
997 384 1057 437 τῷ
1096 382 1178 436 μὲν
1219 381 1461 437 σοφωτέρςο
1491 380 1642 435 πλέον,
1682 383 1743 437 τῷ

322 451 370 494 δὲ
402 449 691 506 ἀμαθεστέρῳ
724 451 921 491 ἔλαττον.
975 447 1059 502 ἐγώ
1091 448 1174 502 μὲν
1205 449 1278 490 καὶ
1318 445 1473 502 αὐτός,
1514 440 1549 488 ὦ
1580 452 1743 502 Πρωτ-

273 524 302 558 Β
322 519 462 573 αγόρα
483 533 529 559 τε
551 517 624 558 καὶ
648 517 902 569 Σώκρατες,
935 513 1044 565 ἀξιῶ
1074 510 1189 569 ὑμᾶς
1220 521 1471 570 συγχωρεῖν
1502 516 1576 556 καὶ
1607 513 1740 569 ἀλλή-

321 589 414 635 λοις
451 585 553 639 περὶ
590 585 681 625 τῶν
720 583 868 636 λόγων
907 581 1205 637 ἀμφισβητεῖν
1244 583 1341 638 μέν,
1384 583 1544 636 ἐρίζειν
1582 581 1630 624 δὲ
1661 582 1743 636 μή·

321 651 652 707 ἀμφισβητοῦσι
683 650 766 704 μὲν
796 647 880 704 γὰρ
913 650 987 691 καὶ
1019 649 1077 691 δι’
1112 648 1295 693 εὔνοιαν
1326 650 1373 692 οἱ
1399 651 1523 704 φίλοι
1553 655 1644 698 τοῖς
1668 650 1746 702 φί-

322 723 434 771 λοις,
478 718 670 771 ἐρίζουσι
713 717 761 761 δὲ
801 717 846 759 οἱ
882 716 1098 772 διάφοροί
1132 734 1179 760 τε
1217 719 1291 759 καὶ
1332 717 1489 771 ἐχθροὶ
1521 715 1745 771 ἀλλήλοις.

322 788 396 829 καὶ
428 784 569 837 οὕτως
600 784 655 829 ἂν
687 787 900 839 καλλίστη
930 783 1037 840 ἡμῖν
1068 783 1094 839 ἡ
1126 786 1349 827 συνουσία
1369 786 1588 838 γίγνοιτο·
1621 779 1748 837 ὑμεῖς

321 870 368 896 τε
388 854 475 908 γὰρ
498 855 543 896 οἱ
560 855 765 908 λέγοντες
784 850 959 907 μάλιστ’
988 848 1045 893 ἄν
1066 850 1209 901 οὕτως
1232 852 1281 894 ἐν
1301 851 1408 907 ἡμῖν
1431 859 1522 901 τοῖς
1543 849 1746 893 ἀκούου-

323 933 395 964 σιν
435 920 712 976 εὐδοκιμοῖτε
751 921 825 962 καὶ
866 917 949 961 οὐκ
990 919 1252 962 ἐπαινοῖσθε
1285 945 1335 950 -
1369 917 1626 974 εὐδοκιμεῖν
1664 918 1748 972 μὲν

321 990 408 1044 γὰρ
441 992 533 1033 ἔστι
563 987 683 1043 παρα
715 995 811 1036 ταῖς
840 993 1003 1040 ψυχαῖς
1032 990 1123 1027 τῶν
1146 985 1407 1028 ἀκουόντων
1429 985 1540 1027 ἄνευ
1559 984 1748 1039 ἀπάτης,

327 1056 615 1099 ἐπαινεῖσθαι
647 1055 695 1097 δὲ
727 1054 777 1096 έν
808 1053 925 1110 λόγῳ
956 1053 1173 1102 πολλάκις
1204 1052 1324 1105 παρὰ
1358 1052 1494 1104 δόξαν
1524 1051 1747 1107 ψευδομέ-

1768 867 1805 892 10

323 1141 418 1167 νων
460 1150 511 1155 -
563 1121 690 1178 ἡμεῖς
736 1121 774 1163 τ’
823 1115 883 1163 αὐ
928 1121 974 1162 οἱ
1009 1119 1252 1169 ἀκούοντες
1288 1117 1465 1175 μάλιστ’
1506 1116 1562 1162 ἂν
1607 1117 1752 1169 οὕτως

273 1198 298 1232 C
327 1192 709 1247 εὐφραινοίμεθα,
753 1187 834 1243 οὐχ
869 1188 1115 1243 ἡδοίμεθα·
1162 1185 1491 1242 εὐφραίνεσθαι
1532 1187 1615 1241 μὲν
1659 1186 1746 1241 γὰρ
1764 1203 1798 1229 15

325 1263 416 1304 ἔστι
449 1257 744 1314 μανθάνοντά
765 1273 806 1299 τι
828 1254 902 1298 καὶ
924 1255 1189 1310 φρονήσεως
1208 1255 1608 1310 μεταλαμβάνοντα
1629 1253 1750 1309 αὐτῇ

325 1332 378 1384 τῇ
409 1328 602 1383 διανοίᾳ,
633 1325 825 1379 ἥδεσθαι
858 1323 905 1366 δὲ
939 1322 1152 1365 ἐσθίοντά
1171 1338 1212 1364 τι
1234 1319 1262 1377 ἢ
1283 1322 1391 1364 ἄλλο
1411 1320 1500 1376 ἡδὺ
1522 1323 1752 1376 πάσχοντα

327 1395 446 1451 αὐτῷ
484 1397 544 1450 τῷ
583 1393 767 1447 στόματι.
844 1394 993 1433 Ταῦτα
1033 1386 1120 1432 οὖν
1160 1388 1365 1440 εἰπόντος
1403 1394 1483 1432 τοῦ
1522 1390 1752 1445 Προδίκου

327 1462 486 1506 πολλοὶ
517 1463 640 1503 πάνυ
671 1463 764 1502 τῶν
794 1458 1033 1513 παρόντων
1064 1456 1350 1508 ἀπεδέξαντο.

441 1530 543 1585 Gap.
566 1528 725 1570 XXIV.
759 1525 886 1569 Μετὰ
917 1527 966 1567 δὲ
996 1523 1074 1567 τὸν
1097 1524 1330 1580 Πρόδικον
1353 1521 1525 1575 Ἱππίας
1555 1523 1578 1567 ὁ
1610 1523 1751 1579 σοφὸς
1766 1540 1800 1565 20

328 1596 464 1651 εἶπεν,
497 1592 550 1638 Ὦ
590 1595 773 1650 ἄνδρες,
814 1596 923 1648 ἔφη,
965 1593 1011 1634 οἶ
1037 1592 1270 1647 παρόντες,
1301 1590 1493 1648 ἡγοῦμαι
1524 1591 1608 1646 ἐγώ
1639 1591 1753 1647 ἡμᾶς

443 1737 496 1767 21.
522 1729 726 1776 ἡγοῦμαι
753 1727 834 1774 ἐγὼ
860 1725 1001 1773 ἡμᾶςε
1028 1728 1065 1761 in
1091 1727 1160 1761 BT
1186 1728 1244 1762 est
1255 1726 1385 1779 ὑμᾶς,
1411 1729 1509 1770 quod
1534 1727 1681 1762 Bekker
1706 1727 1752 1762 de

329 1778 541 1813 coniectura
571 1775 762 1811 Heindorfi
795 1775 895 1809 recte
929 1773 1090 1807 mutavit
1120 1773 1159 1806 in
1190 1769 1303 1817 ἡμας.
1350 1772 1434 1807 Νο11
1467 1773 1563 1806 0111111
1595 1772 1755 1826 Hippias

329 1835 368 1859 se
383 1834 404 1857 a
421 1823 554 1858 ceteris
570 1821 755 1866 segregat,
774 1821 814 1854 ut
830 1818 1043 1869 proximum
1063 1813 1236 1859 ἅπαντας
1255 1820 1293 1868 et
1309 1818 1426 1852 verba
1450 1814 1551 1861 ἡμᾶς
1577 1816 1646 1852 οὐν
1672 1817 1755 1853 αἰσ-

329 1866 420 1913 χρὸν
435 1868 607 1913 probant
657 1866 853 1900 Librorum
873 1863 1095 1908 scripturam
1116 1860 1234 1908 ὑμᾶς,
1254 1863 1291 1896 111
1310 1862 1415 1897 novis
1437 1862 1662 1897 editionibus
1680 1873 1753 1897 non

328 1915 403 1949 iam
436 1912 726 1957 comparentem,
753 1910 953 1945 tenuerant
983 1908 1209 1949 Stallbaum‚
1243 1908 1463 1942 Turicenses
1489 1908 1527 1942 et
1551 1907 1754 1942 Hermann.

1121 2037 1152 2068 4.
1185 2028 1267 2077 ἐγὼ
1300 2029 1380 2075 μὲν
1413 2031 1491 2066 καὶ
1526 2028 1666 2071 αὐτὸς
1691 2032 1751 2076 -]

1075 2077 1251 2114 Priscian
1277 2077 1367 2112 VIII
1393 2080 1423 2119 7,
1451 2080 1511 2111 35:
1553 2076 1679 2111 Cicero
1715 2077 1755 2110 in

1075 2123 1299 2167 Protagora:
1326 2133 1424 2156 nunc
1441 2132 1463 2156 a
1480 2121 1598 2164 vobis,
1625 2131 1646 2155 0
1662 2121 1754 2156 Pro-

377 2042 407 2073 1.
436 2039 564 2076 ἱσους
591 2033 638 2069 δὲ
666 2031 739 2079 μή]
760 2033 938 2067 Prodicus
963 2043 1007 2067 ex

327 2083 373 2117 iis
407 2093 503 2125 quae
530 2081 663 2116 Critias
695 2079 858 2115 dixerat
891 2089 1006 2111 unum

329 2128 484 2162 verbum
509 2126 620 2171 κοινῇ
651 2123 781 2167 arripit
805 2124 842 2157 et
866 2122 1005 2157 laudat

330 2171 524 2207 Sententia
555 2180 641 2204 vero
675 2168 760 2203 talis
790 2167 1004 2212 requiritur,

330 2217 479 2259 qualem
516 2215 660 2260 profert
691 2213 817 2248 Cicero
849 2213 895 2246 de
927 2213 1004 2246 nat.

331 2263 430 2297 deor.
464 2262 479 2295 Ι
511 2264 638 2303 7,17:
687 2258 772 2292 nolo
821 2257 1007 2292 existimes

330 2319 389 2343 me
417 2307 626 2340 adiutorem
650 2303 737 2337 huic
762 2302 918 2345 venisse,
944 2302 1008 2336 sed

331 2352 560 2391 auditorem,
594 2351 631 2384 et
655 2347 807 2391 quidem
833 2358 1006 2391 aequum,

330 2398 448 2433 libero
484 2378 639 2437 iudicio,
680 2393 784 2427 nulla
827 2374 1008 2426 eiusmodi

331 2442 550 2479 adstrictum
575 2438 817 2477 necessitate,
852 2440 892 2470 ut
917 2436 1008 2470 mihi

330 2488 443 2523 velim
475 2485 590 2520 nolim
623 2484 671 2518 sit
696 2483 798 2518 certa
823 2482 1006 2525 quaedam

331 2532 473 2568 tuenda
513 2529 710 2565 sententia.
755 2547 797 2552 —
843 2528 922 2567 ἴσος
970 2528 1008 2561 et

330 2574 458 2616 κοινός
483 2586 595 2620 saepe
621 2572 914 2616 coniunguntur,
945 2583 1007 2606 ve-

331 2624 402 2658 luti
433 2621 479 2655 ab
506 2618 696 2655 Andocide
723 2628 775 2653 or.
799 2621 831 2658 4,
859 2621 895 2651 7:
929 2617 1009 2652 δέο-

333 2681 402 2713 μαι
434 2665 547 2719 ὑμῶν
565 2666 639 2700 τῶν
666 2659 796 2720 λόγων
814 2662 918 2701 ἰσους
943 2662 1009 2696 καὶ

332 2709 487 2751 κοινοὺς
528 2707 622 2755 ἡμῖν
663 2703 867 2745 ε’πιστατας
907 2705 1009 2760 γενέ

333 2760 442 2793 σθαι.
467 2767 489 2790 a
513 2753 702 2789 Demosth.
730 2761 781 2788 01·
805 2748 1010 2793 29,1·ἅν-

333 2816 402 2847 περ
418 2803 492 2837 ἴσοι
506 2799 571 2835 καὶ
585 2798 707 2834 κοινοὶ
721 2795 1010 2852 γένησθεακρο-

334 2849 444 2890 αταί,
476 2844 619 2885 πολλὰς
651 2841 811 2881 ἐλπίδας
839 2840 909 2886 ἔχω
934 2838 1009 2876 κτὲ.

1075 2170 1209 2212 tagora
1241 2168 1278 2202 et
1310 2168 1477 2209 Socrate,
1513 2166 1680 2210 postulo,
1711 2168 1754 2201 ut

1077 2195 1139 2248 dee>
1158 2214 1230 2247 isto
1269 2211 1480 2248 concedatis
1516 2211 1612 2245 alter
1643 2194 1755 2246 atteri

1077 2260 1114 2292 et
1144 2258 1242 2292 inter
1279 2269 1345 2293 vos
1382 2257 1427 2291 de
1462 2255 1615 2290 huiusce
1650 2255 1754 2290 modi

1079 2303 1189 2338 rebus
1208 2302 1548 2345 controversemini,
1574 2311 1648 2335 non
1666 2311 1752 2335 eon-

1081 2347 1243 2385 certetis

1133 2397 1182 2429 15.
1228 2390 1634 2436 εὐφραινοίμεθα,
1673 2387 1755 2444 οὐχ

1078 2435 1162 2482 ἡδ.]
1188 2438 1342 2474 Aristot.
1368 2436 1458 2489 Top
1485 2435 1520 2469 ΙΙ
1548 2439 1585 2469 6:
1613 2435 1757 2488 Πρόδι-

1079 2495 1143 2522 κος
1191 2484 1363 2539 διῃρεῑτο
1404 2478 1472 2520 τὰς
1513 2477 1659 2534 ἡδονὰς
1701 2479 1758 2520 εἰς

1079 2541 1200 2572 χαραν
1226 2528 1291 2562 καὶ
1317 2524 1456 2579 τέρψιν
1480 2526 1546 2560 καὶ
1566 2522 1757 2579 εὐφροσύ-

1078 2583 1167 2617 νην·
1194 2574 1317 2607 ταῦτα
1341 2568 1414 2616 γὰρ
1439 2568 1567 2605 πάντα
1592 2571 1659 2604 τοῦ
1687 2566 1756 2604 αὐ-

1079 2618 1159 2660 τοῦ,
1184 2618 1265 2672 τῆς
1274 2612 1434 2669 ἡδονῆς,
1467 2612 1640 2658 ὀνόματά
1665 2611 1754 2649 ε’στι.

1127 2666 1178 2696 18.
1223 2659 1444 2701 εἰπόντος
1486 2660 1563 2694 τοῦ
1603 2660 1642 2693 Π

1081 2703 1392 2750 ἀπεδέξαντο]
1419 2705 1464 2741 Η.
1497 2715 1527 2739 e
1556 2704 1754 2739 vehemen-

1079 2755 1137 2787 ter
1161 2751 1501 2805 probaveiunt.

1126 2801 1177 2830 21.
1210 2793 1436 2840 ἡγοῦμαι.
1456 2793 1603 2840 ,ἡμᾶς
1647 2806 1755 2839 συγ-

1081 2846 1215 2887 γενεῖ
1224 2841 1258 2886 ς]
1292 2839 1382 2875 Cum
1414 2850 1539 2874 omnes
1565 2838 1629 2883 qui
1654 2839 1755 2883 apud
