1939 3214
349 161 428 202 148
929 157 1170 193 PLATONIS

333 262 474 315 δῆλον
511 259 580 303 ὅτι
619 259 674 302 οὐ
711 259 789 301 τὸν
820 258 1021 313 ἰδιώτην·
1055 256 1077 300 ὁ
1108 259 1191 313 μὲν
1220 259 1306 312 γὰρ
1338 259 1515 313 ἰδιώτης
1545 259 1613 302 αεὶ
1644 264 1757 302 καθ-

332 328 505 383 ῄρηται.
566 315 714 381 ὥσπερ
754 322 840 369 οὖν
877 325 932 368 οὐ
968 326 1044 368 τὸν
1073 324 1283 379 κείμενόν
1312 340 1378 374 τις
1408 322 1466 367 ἂν
1496 328 1757 382 καταβάλοι,

334 394 449 437 ἀλλὰ
477 393 556 436 τὸν
586 395 670 448 μὲν
702 393 873 436 ἐστωτά
904 407 1011 436 ποτε
1042 393 1287 447 καταβάλοι
1318 391 1377 434 ἄν
1407 409 1487 446 τις,
1520 392 1632 436 ω’στε
1663 396 1758 437 κεί-

282 468 315 502 D
336 477 475 516 μενον
507 462 704 516 ποιῆσαι,
737 459 816 503 τὸν
847 461 896 503 δὲ
927 463 1135 516 κείμενον
1165 457 1235 514 οὔ,
1268 459 1386 502 οὕτω
1419 460 1494 501 καὶ
1514 459 1593 502 τὸν
1615 460 1758 517 εὐμή-

332 545 472 584 χανον
503 527 612 571 ὄντα
643 529 750 570 ποτὲ
781 527 1007 583 ἀμήχανος
1036 528 1095 570 ἄν
1126 526 1338 583 συμφορὰ
1367 528 1565 581 καθέλοι,
1597 526 1678 571 τόν
1708 529 1758 571 δὲ

333 595 402 638 ἀεὶ
444 595 677 650 ἀμήχανον
716 595 824 637 ὄντα
862 593 934 636 οὔ·
977 597 1051 637 καὶ
1081 594 1160 637 τὸν
1191 594 1474 650 κυβερνήτην
1505 596 1640 650 με’γας
1669 611 1758 650 χει-

331 662 429 717 μών
452 661 678 705 ἐπιπεσών
700 661 932 717 ἀμήχανον
952 663 1012 704 ἂν
1033 662 1247 716 ποιήσειε,
1271 663 1344 704 καὶ
1365 661 1567 717 γεωργὸν
1589 661 1757 717 χαλεπή

333 730 428 785 ὥρα
471 731 732 773 ἐπελθοῦσα
769 729 1001 784 ἀμήχανον
1040 726 1096 772 ἂν
1133 731 1259 784 θείη,
1306 729 1380 771 καὶ
1419 728 1575 784 ἰατρὸν
1614 728 1758 772 ταύτοὶ

331 801 483 840 ταῦτα.
530 800 586 854 τῷ
606 797 690 852 μὲν
709 796 794 852 γὰρ
818 797 970 853 ἐσθλῷ
993 797 1183 851 ἐγχωρεῖ
1200 800 1322 853 κακῷ
1342 798 1570 851 γενέσθαι,
1607 795 1759 851 ὥσπερ

303 860 308 863 ’
333 866 408 907 καὶ
438 864 545 920 παρ’
579 864 721 907 ἄλλου
752 867 940 920 ποιητοῦ
969 872 1255 919 μαρτυρεῖται
1286 868 1365 906 τοῦ
1397 865 1601 914 εἰπόντος

391 942 535 998 αὐτὰρ
557 942 672 998 ἀνὴρ
695 942 864 997 ἀγαθὸς
879 943 977 985 τοτὲ
998 943 1081 997 μὲν
1106 944 1254 998 κακός,
1274 941 1432 985 ἄλλοτε
1458 941 1496 984 δ’
1519 944 1702 993 ἐσθλός·

290 1029 319 1063 Ε
338 1025 399 1079 τῷ
451 1023 500 1064 δὲ
555 1025 679 1077 κακῷ
718 1021 801 1064 οὐκ
855 1023 1045 1076 ἐγχωρεῖ
1090 1023 1323 1075 γενέσθαι,
1381 1019 1479 1063 ἀλλ’
1534 1020 1602 1062 ἀεὶ
1649 1017 1765 1063 εἶναι

333 1088 519 1145 ἀνάγκη.
589 1089 703 1131 ὥστε
745 1088 825 1130 τὸν
855 1089 937 1143 μὲν
969 1087 1222 1143 εὐμήχανον
1254 1089 1328 1130 καὶ
1360 1087 1505 1142 σοφὸν
1546 1088 1620 1130 καὶ
1651 1086 1762 1142 ἀγα-

332 1154 421 1199 θὸν
462 1156 647 1200 ἐπειδὰν
682 1155 909 1210 ἀμήχανος
954 1151 1166 1210 συμφορὰ
1200 1157 1391 1211 καθέλῃ,
1440 1155 1522 1197 οὐκ
1567 1157 1660 1197 ἔστι
1704 1153 1762 1210 μή

336 1223 389 1265 οὐ
435 1223 575 1266 κακὸν
621 1226 826 1278 ἔμμεναι·
876 1224 934 1265 σύ
980 1223 1029 1266 δὲ
1075 1223 1181 1278 φῄς,
1223 1216 1258 1265 ὦ
1303 1222 1519 1276 Πιττακέ,
1569 1221 1760 1277 χαλεπὸν
1778 1242 1810 1268 15

336 1290 505 1334 ἐσθλὸν
527 1293 732 1346 ἔμμεναι·
764 1290 815 1332 τὸ
847 1289 888 1332 δ’
923 1291 1015 1333 ἐστὶ
1040 1291 1254 1345 γενέσθαι
1274 1291 1356 1346 μὲν
1376 1292 1588 1345 χαλεπόν,
1621 1291 1762 1332 δυνα-

336 1357 415 1400 τὸν
447 1359 508 1412 δέ,
542 1360 726 1413 ἔμμεναι
758 1359 807 1400 δὲ
840 1357 1086 1400 ἀδύνατον.

452 1486 504 1516 17.
531 1480 726 1525 ἐσθλόν,
754 1482 855 1524 quod
879 1482 965 1526 post
990 1480 1200 1516 δυνατὸν
1226 1480 1278 1516 δέ
1303 1481 1386 1515 inB
1415 1483 1453 1515 et
1478 1481 1507 1516 T
1533 1481 1690 1526 legitur,
1722 1483 1764 1515 ut

337 1526 638 1606 gigzgssxeditores
663 1528 800 1561 recent.
840 1526 1120 1561 Schneidewino
1141 1527 1291 1561 auctore
1318 1527 1488 1569 (coniect.
1517 1527 1596 1561 crit.
1623 1539 1661 1571 p.
1683 1527 1762 1571 152)

380 1688 411 1717 4.
439 1680 516 1718 τὸν
543 1682 590 1718 δὲ
616 1685 842 1726 κείμενον
868 1679 932 1724 ου’]
958 1683 1015 1717 Ne

337 1729 419 1772 quis
443 1729 536 1762 haec
561 1729 704 1762 temere
729 1728 918 1762 inculcata
936 1728 1016 1773 opi-

337 1774 464 1814 netur,
501 1784 616 1816 quum
652 1772 854 1827 praecedat
892 1768 1015 1825 ὥσπερ

337 1831 381 1853 ov
411 1815 477 1852 τὸν
503 1819 683 1861 κείμενόν
708 1831 766 1857 τις
784 1831 832 1852 αν
851 1816 1016 1862 καταβα-

338 1866 414 1904 λοι,
448 1863 580 1897 eodem
610 1863 721 1897 modo
747 1863 860 1906 Gorg.
885 1875 923 1907 p
950 1867 1013 1916 521

336 1907 381 1942 D
396 1906 514 1943 Ε.οὐ
528 1906 634 1963 πρὸς
660 1907 772 1963 χάριν
792 1907 910 1952 λέγων
927 1906 1017 1948 τοὺς

337 1951 473 2008 λόγους
499 1948 566 1993 ου“ς
587 1952 682 1997 λέγω
702 1949 894 1994 ἑκάστοτε,
920 1949 1016 1987 ἄλλα

336 1995 432 2050 πρὸς
464 1994 506 2032 τὸ
542 1998 751 2042 βέλτιστον,
785 2011 829 2031 ου
856 1993 951 2041 πρὸς
976 1994 1017 2031 τὸ

337 2038 509 2086 ἥδιστον.

385 2091 416 2121 7.
444 2085 625 2141 χαλεπὴ
658 2082 748 2129 ὥρα
780 2084 1017 2121 ἐπελθοῦ-

338 2143 392 2166 σα
416 2131 477 2187 ——]
501 2127 589 2166 Ἐπέ
592 2134 769 2175 ρ,χεσθαι
796 2128 1017 2166 ἐπιπιπτειν

339 2177 378 2211 et
418 2174 708 2219 ἐπιπέμπεσθαι
759 2175 948 2210 dicuntur
972 2176 1017 2210 de

338 2221 446 2254 malis
465 2222 503 2255 et
520 2221 809 2261 calamitatibus,
837 2231 932 2264 quae
957 2232 1016 2254 su-

338 2266 429 2321 bito,
454 2265 624 2300 incidunt
658 2265 719 2299 vel
754 2266 1017 2300 immittuntur.

339 2331 383 2335 ——
408 2309 649 2365 ἀμήχανον
681 2323 735 2344 αν
768 2311 879 2355 θείη
936 2311 959 2346 1
986 2321 1018 2345 e.

339 2354 524 2399 ποιήσειε
552 2354 673 2399 Supra
696 2366 732 2399 p.
761 2359 826 2389 326
851 2356 894 2389 A.
933 2354 1016 2389 Xe-

339 2400 471 2455 noph
507 2399 639 2444 Gyrop
670 2399 722 2434 IV
752 2403 783 2441 6,
816 2404 854 2434 2:
893 2395 1016 2444 ὥσπερ

340 2458 389 2479 αν
422 2443 639 2489 εὐδαίμονα
669 2445 816 2488 πατέρα
848 2449 940 2485 παῖς
965 2458 1017 2479 τι-

340 2490 419 2534 μῶν
452 2491 595 2533 τιθείη,
643 2489 828 2539 Imprimis
861 2490 907 2523 ab
941 2489 1018 2524 Ho-

339 2546 442 2569 mero
469 2535 676 2578 ceterisque
702 2534 822 2578 poetis
848 2534 907 2568 hio
932 2533 1028 2568 ususv

340 2579 447 2613 verbi
463 2580 732 2623 frequentatus.
758 2578 865 2613 Unde
880 2580 934 2613 At
944 2579 968 2612 h
979 2590 1020 2614 e-

339 2635 481 2659 naeus
505 2624 555 2658 XI
580 2636 615 2679 p.
636 2628 697 2659 501
720 2623 763 2659 C:
792 2622 833 2658 τὸ
859 2625 1020 2680 ποιῆσαι

340 2671 506 2704 θεῖναι
531 2682 628 2713 προς
653 2667 727 2703 τῶν
752 2664 922 2713 ἀρχαίων
943 2666 1021 2704 ἕλε’-

340 2725 438 2757 γετο.
472 2734 515 2738 —
552 2714 629 2748 καὶ
672 2712 834 2757 ἰατρὸν
874 2711 1022 2749 ταυτα

340 2759 508 2800 ταῦτα,
561 2759 830 2802 pariterque
877 2759 1022 2793 medi-

342 2814 453 2839 cum.
491 2815 526 2837 v.
559 2803 603 2837 ad
634 2815 671 2847 Ρ.
699 2807 764 2838 326
788 2803 821 2837 Α
855 2804 892 2838 et
924 2815 1021 2848 sym-

343 2858 423 2891 pos.
448 2860 483 2892 p.
513 2852 575 2883 178
592 2847 632 2885 Ε.
657 2847 786 2883 Stallb.

1134 1688 1185 1720 10.
1222 1679 1325 1725 παρ’
1364 1680 1507 1718 ἄλλον
1543 1667 1763 1736 ποιητου]

1086 1727 1226 1763 Versus
1250 1728 1381 1762 incerti
1405 1728 1579 1772 gnomici‚
1606 1730 1669 1773 qui
1684 1728 1764 1763 lau-

1086 1773 1197 1807 datur
1234 1773 1347 1807 etiam
1378 1773 1575 1827 Xenoph.
1608 1785 1717 1808 mem.
1749 1774 1766 1808 I

1086 1822 1118 1861 2,
1143 1822 1196 1853 20.
1233 1817 1321 1851 Mox
1347 1816 1482 1853 ἄλλοτε
1509 1814 1545 1852 δ’
1572 1820 1659 1863 post
1682 1817 1766 1854 τοτὲ

1086 1863 1155 1907 μέν
1203 1862 1352 1897 illatum
1399 1874 1469 1898 usu
1508 1863 1608 1898 haud
1653 1864 1766 1898 infre-

1086 1908 1227 1950 quenti.
1262 1918 1296 1945 v
1323 1907 1407 1952 Vig
1415 1919 1470 1942 er.
1494 1919 1531 1951 p.
1560 1912 1634 1943 792.
1662 1907 1766 1942 Cete-

1088 1964 1169 1985 rum
1201 1952 1247 1986 de
1279 1920 1417 1986 virtulcsge
1448 1952 1549 1986 idem
1577 1953 1767 1988 sentiebat

1087 1996 1313 2040 Protagoras
1337 2008 1372 2040 p
1391 1996 1510 2039 34OE‚
1538 2008 1650 2041 quam
1678 2008 1765 2041 par-

1087 2047 1165 2076 tam
1196 2041 1306 2075 facile
1339 2042 1480 2076 servari
1503 2053 1611 2085 posse
1635 2042 1765 2077 Hesio-

1088 2086 1154 2120 dus
1190 2087 1380 2138 volueram
1422 2087 1466 2120 of.
1494 2086 1607 2138 Diog.
1639 2087 1763 2123 Laert

1087 2130 1139 2165 VI
1167 2135 1245 2166 105;
1278 2126 1432 2185 ἀρέσκει
1465 2127 1503 2165 δ’
1539 2131 1670 2172 αὐτοῖς
1700 2133 1767 2167 καὶ

1088 2173 1159 2219 τὴν
1208 2174 1350 2219 ἀρετὴν
1400 2176 1594 2220 διδακτὴν
1650 2175 1768 2233 εἶναι,

1088 2219 1198 2256 καθά
1228 2232 1348 2266 φησιν
1376 2218 1616 2278 Αντισθένης
1650 2218 1690 2256 ἐν
1716 2223 1767 2264 τῷ

1081 2264 1286 2320 Ηρακλεῖ,
1328 2266 1392 2300 καὶ
1434 2258 1766 2311 ἀναπόβλητον

1086 2308 1286 2403 ingemui}
1299 2354 1347 2390 δε
1373 2355 1495 2398 κακῷ
1521 2368 1600 2390 ουκ
1627 2352 1742 2399 ἐγχω

1088 2415 1107 2444 ρ
1119 2413 1134 2435 ε
1145 2404 1165 2435 ἴ
1192 2413 1213 2445 γ
1224 2413 1240 2435 ε
1249 2392 1272 2435 ’ν
1282 2413 1297 2434 ε
1291 2399 1368 2434 ’σθ
1381 2413 1404 2434 α
1414 2401 1442 2444 ι]
1474 2392 1767 2443 Intelligendum

1087 2448 1208 2489 κακῷ,
1257 2455 1332 2479 11011
1370 2444 1619 2488 inferendum,
1667 2445 1768 2488 quod

1087 2473 1239 2525 vole'bat
1263 2489 1537 2543 Stephanus.
1563 2489 1753 2544 Menon3p

1089 2539 1131 2570 89
1156 2535 1205 2569 A:
1241 2534 1275 2570 εἰ
1307 2533 1423 2588 φύσει
1455 2532 1493 2568 οἵ
1521 2533 1709 2578 αγαθοὶε

1089 2592 1310 2659 3332&
1480 2579 1673 2671 ῖΕῑοξὲΡ·
1677 2501 1768 2663 Ηῖξξ

1092 2667 1213 2709 θεοὺς
1261 2660 1494 2713 ἡγουμεθα,
1535 2680 1583 2703 Se.
1630 2665 1765 2708 θεούς.

1091 2713 1188 2748 Nam
1213 2715 1266 2747 ita
1290 2713 1383 2747 haec
1408 2716 1510 2748 recte
1535 2713 1639 2748 nobis
1664 2713 1766 2748 vide-

1091 2770 1173 2793 mur
1197 2757 1400 2802 explicasse
1432 2758 1480 2792 ad
1508 2757 1764 2802 Euthyphron.

1091 2815 1127 2848 p.
1153 2808 1172 2838 3
1198 2802 1237 2837 B.
1263 2802 1390 2838 Stallb.

1138 2851 1189 2882 16.
1229 2844 1277 2882 τὸ
1319 2845 1355 2882 δ’
1395 2845 1492 2882 ἐστὶ
1524 2846 1760 2892 γενέσθαι
