1907 3230
211 540 308 585 5ὀίν
357 543 476 600 αὐτῷ
521 543 543 586 ὁ
586 542 857 600 Ζεύξιππος,
915 542 981 586 ὅτι
1032 543 1144 599 πρὸς
1193 546 1444 601 γραφικήν·

189 1224 221 1250 15

663 175 998 212 FROTAGORAS.
1022 177 1061 212 P.
1089 182 1154 214 318
1179 178 1248 215 ST.

1612 183 1663 224 71

245 275 522 330 ἀφικόμενος
551 275 658 330 παρ’
692 274 847 330 αὐτόν,
879 275 1029 332 ὥσπερ
1061 273 1182 332 παρὰ
1212 278 1261 321 σὲ
1291 281 1393 331 νῦν,
1425 278 1665 323 άκούσειεν

251 341 390 385 αὐτοῦ
419 341 558 384 ταύτὰ
578 345 732 396 ταῦτα,
765 342 878 398 ἅπερ
901 346 998 396 σοῦ,
1033 343 1100 386 ὅτι
1122 345 1308 399 ἑκάστης
1325 343 1494 400 ἡμέρας
1514 347 1664 397 ξυνών

249 408 368 465 αὐτῷ
399 412 588 463 βελτίων
619 411 741 451 ἔσται
771 411 846 451 καὶ
877 409 1108 464 ἐπιδώσει,
1142 413 1182 452 εἰ
1210 408 1350 454 αὐτὸν
1381 414 1662 468 ἐπανέροιτο·

259 479 313 519 Τί
341 475 394 531 δή
427 477 515 533 φῂς
544 478 704 531 βελτίω
735 478 919 519 ἔσεσθαι
957 477 1032 519 καὶ
1071 479 1133 527 εἰς
1169 480 1215 520 τί
1251 478 1510 528 ε’πιὸσόσεινς
1551 484 1667 524 εἴποι

1496 543 1583 589 κᾶν
1629 549 1670 590 εἰ

242 608 496 667 Ὀρθαγόρᾳ
533 613 595 666 τῷ
634 613 816 666 Θηβαίῳ
854 612 1199 667 συγγενόμενος,
1246 611 1443 663 ἀκούσας
1488 615 1666 657 ἐκείνου

245 676 383 720 ταύτὰ
412 681 567 732 ταῦτα,
599 676 712 732 ἅπερ
743 682 841 732 σοῦ,
875 678 1133 732 ε’πανέροιτο
1164 678 1323 733 αὐτόν,
1357 681 1420 730 εἰς
1452 679 1476 722 ὅ
1495 696 1537 723 τι
1557 683 1664 735 βελ-

245 747 354 786 τίων
384 744 491 787 καθ’
521 742 693 799 ἡμέραν
724 747 847 787 ἔσται
869 746 1223 801 συγγιγνόμενος
1246 748 1420 802 ἐκείνω,
1453 751 1570 790 εἴποι
1592 748 1663 802 ἄν,

246 811 314 853 ὅτι
346 813 407 861 εἰς
437 810 650 866 αὔλησιν·
687 810 804 854 οὕτω
837 811 891 867 δὴ
925 813 999 854 καὶ
1031 811 1088 854 σύ
1120 813 1216 855 εἰπὲ
1246 817 1307 870 τῷ
1338 816 1561 871 νεανίσκῳ
1591 816 1665 856 καὶ

188 890 222 915 10
247 878 346 933 ἐμοι
375 876 491 933 ὑπὲρ
521 878 683 921 τούτου
715 880 955 933 ἐρωτωντι,
981 877 1270 936 Ιπποκράτης
1292 880 1369 923 ὅδε
1390 858 1659 939 Προτάγόρᾳ
1677 889 1707 923 D

242 945 592 1002 συγγενόμενος,
631 940 660 1002 ᾗ
700 943 756 988 ἂν
798 944 920 1002 αὐτῷ
956 944 1098 1003 ἡμέρα
1135 948 1426 1003 συγγένηται,
1473 951 1665 1003 βελτίων

243 1012 393 1055 ἄπεισι
422 1013 664 1068 γενόμενος
693 1014 767 1055 καὶ
798 1028 888 1055 των
918 1012 1071 1055 άλλων
1099 1014 1282 1069 ἡμερῶν
1313 1014 1500 1070 ἑκάστης
1521 1014 1663 1066 οὕτως

244 1081 454 1123 ἐπιδώσει
491 1082 552 1130 εἰς
590 1082 646 1134 τί,
685 1073 720 1122 15
757 1080 1061 1137 Πρωταγόρα,
1104 1082 1179 1123 καὶ
1217 1081 1319 1135 περὶ
1355 1086 1457 1136 τοῦς
1510 1083 1599 1124 Καὶ
1637 1082 1660 1125 ὁ

242 1147 547 1202 Πρωταγόρας
579 1149 688 1202 ἐμοῦ
719 1150 860 1190 ταῦτα
890 1144 1102 1203 άκούσας,
1135 1147 1207 1190 Σύ
1237 1165 1283 1191 τε
1306 1151 1453 1199 καλῶς
1475 1149 1659 1205 ἐρωτᾷς,

245 1217 350 1269 ἔφη,
392 1210 429 1257 ὦ
460 1215 720 1269 Σώκρατες,
759 1215 835 1256 καὶ
877 1213 962 1268 ἐγώ
993 1222 1085 1265 τοῖς
1114 1218 1261 1264 καλῶς
1293 1216 1491 1269 ἐρωτῶσι
1521 1219 1660 1270 χαίρω

240 1281 610 1337 ἀποκρινόμενος.

664 1281 955 1337 Ἱπποκράτης
991 1281 1078 1337 γὰρ
1117 1282 1230 1337 παρ’
1276 1282 1352 1337 ἐμὲ
1388 1281 1662 1338 ἀφικόμενος

355 1409 406 1440 13
433 1397 656 1440 ἐπιδώσει
682 1415 704 1438 a
727 1404 849 1448 prima
872 1415 986 1455 manu
1011 1405 1128 1440 habet
1146 1405 1496 1483 ᾼΠΞο]10118,11110111
1513 1405 1660 1441 Bekker

238 1451 390 1501 vocavit
420 1464 465 1492 ω,
498 1449 562 1484 sed
592 1449 688 1483 hunc
720 1450 858 1483 librum
887 1449 925 1483 in
950 1449 1178 1485 bibliotheca

1239 1450 1387 1506 ngelica
1410 1461 1483 1484 non
1507 1450 1580 1484 iam
1606 1451 1659 1485 in-

238 1494 356 1530 veniri
380 1495 476 1529 dixit
499 1494 641 1529 Schanz
668 1493 815 1537 (Gesch
843 1494 878 1531 d
902 1494 994 1539 plat.
1023 1494 1160 1529 Textes
1184 1506 1220 1540 p.
1248 1498 1303 1537 8).
1329 1492 1510 1530 ἐπιδώσοι
1535 1494 1615 1529 B'l.

238 1618 311 1644 uno
335 1607 416 1642 loeo
440 1606 685 1648 memoratur,
716 1605 788 1639 nisi
817 1605 914 1640 forte

237 1654 408 1690 Socrates
471 1651 571 1697 apud
628 1651 915 1695 Xenophontem

239 1704 371 1743 (symp.
396 1696 448 1731 IV
472 1698 530 1740 63)
569 1698 728 1730 eundem
766 1696 914 1729 11110110-

236 1744 304 1787 xit,
327 1753 442 1796 quem
466 1741 684 1784 simpliciter
708 1737 774 1774 τὸν
797 1736 867 1783 Ηρ
872 1754 914 1773 α-

237 1785 406 1837 κλεωτην
447 1786 558 1829 ξένον
599 1784 818 1819 nominavit.
847 1754 914 1818 QId

238 1843 326 1869 vero
344 1831 465 1865 minus
483 1831 540 1865 est
556 1828 745 1871 credibile,
763 1829 913 1871 Zeuxin,

235 1878 419 1923 pictorem
451 1873 750 1916 celeberrimum,
788 1885 811 1908 a
846 1873 911 1908 So-

235 1924 338 1958 crate
364 1921 537 1955 vocatum
568 1929 647 1953 esse
672 1919 912 1969 Zeuxippum,

235 1977 334 2012 quae
352 1965 477 2001 Corais
502 1965 559 1999 est
581 1963 741 2014 suspicio
760 1964 808 1997 ad
825 1963 912 1997 Plu-

235 2012 353 2047 tarch.
377 2009 507 2044 Pericl.
534 2020 564 2042 c.
591 2013 651 2051 13,
678 2008 736 2042 cui
761 2008 914 2043 assenti—

234 2060 297 2092 tur
327 2056 455 2090 Brunn
479 2053 617 2088 Histor
644 2053 818 2088 Graecor.
844 2054 913 2087 Ar-

233 2102 323 2138 tific
344 2101 462 2142 11‚77.
481 2119 525 2124 -
543 2098 713 2133 Ceterum
735 2097 915 2149 pingendi

237 2147 309 2181 arti
333 2145 397 2179 illo
422 2146 592 2187 tempore
617 2154 691 2178 non
709 2143 819 2186 pauci
836 2144 912 2177 stu·

235 2191 410 2230 duerunt,
424 2200 458 2223 v.
474 2188 628 2224 Aristot.
642 2188 750 2223 Polit.
762 2188 859 2222 VlII.
873 2192 912 2222 2:

236 2235 315 2271 ἔστι
347 2234 389 2270 δὲ
421 2233 582 2285 τέτταρα
613 2232 751 2286 σχεδὸν
777 2227 800 2267 οὶ
826 2245 914 2267 παι·

234 2279 369 2315 δεύειν
403 2275 586 2319 εἰώθασι,
619 2275 822 2321 γράμματα
846 2277 913 2312 καὶ

236 2321 498 2379 γυμναστικὴν
523 2336 590 2357 και,
616 2322 817 2376 μουσικὴν,
847 2322 913 2356 καὶ

235 2369 418 2414 τέταρτον
470 2366 566 2403 ἔνιοι
617 2366 825 2421 γραφικήν,
877 2368 915 2401 et

236 2415 349 2467 paulo
366 2413 663 2465 1111011118,δοκεῐ
678 2410 720 2447 δὲ
740 2413 806 2446 καὶ
823 2425 914 2464 γρα-

236 2456 333 2504 φικὴ
377 2455 557 2511 χρήσιμος
599 2456 699 2492 εἶναι
736 2455 844 2513 πρὸς
871 2453 912 2491 τὸ

234 2506 382 2546 ’κρίνειν
418 2516 465 2538 τοι
500 2505 575 2538 τῶν
611 2503 791 2547 τεχνιτῶν
823 2499 914 2546 ἔργα

234 2548 404 2584 κάλλιον.

280 2599 311 2628 6.
332 2590 593 2644 Ὀρθαγόρᾳ
627 2594 683 2639 τῷ
710 2591 911 2641 Θηβαίῳ]

236 2639 322 2674 Non
347 2638 503 2672 dubium
520 2630 678 2679 videtur,
705 2648 795 2686 quin
812 2636 912 2670 idem

236 2683 285 2718 sit
305 2683 534 2728 Orthagoras
557 2664 711 2724 tibicen,
737 2692 795 2715 0111
813 2681 909 2725 Epa-

234 2728 431 2763 minondas
446 2738 598 2772 operam
612 2727 758 2762 dedisse
776 2725 912 2760 dicitur

235 2783 283 2817 ap
288 2773 444 2807 .Athen.
462 2784 496 2818 p.
517 2772 642 2810 1841)
674 2771 760 2806 Fuit
784 2772 910 2805 autem

237 2785 376 2852 Thebis
391 2827 449 2852 ars
462 2818 565 2852 tibiis
580 2816 765 2852 canendi
756 2828 794 2849 111
814 2827 909 2849 sum-

235 2872 296 2896 mo
310 2862 459 2906 honore,
472 2863 633 2907 indeque
648 2862 696 2897 ad
705 2860 910 2896 Alcibiadis

984 1607 1148 1640 aetatem
1161 1606 1272 1640 multi
1289 1606 1366 1640 eius
1383 1606 1474 1640 artis
1490 1606 1661 1649 magistri

983 1651 1150 1686 Athenas
1175 1651 1340 1686 arcessiti
1364 1651 1460 1685 sunt.
1495 1651 1660 1685 Alcibia-

984 1695 1050 1730 des
1076 1698 1213 1739 autem,
1232 1696 1274 1730 ut
1290 1695 1344 1730 ait
1360 1696 1443 1729 Aul.
1460 1695 1600 1730 Gellius
1613 1695 1660 1731 N.

984 1740 1027 1774 A.
1044 1745 1163 1783 15,17,
1181 1752 1295 1784 quum
1312 1740 1412 1783 apud
1436 1741 1660 1774 avunculum

982 1767 1164 1819 Periclem
1195 1795 1288 1829 puer
1313 1784 1456 1819 artibus
1481 1795 1525 1819 ac
1549 1784 1659 1820 disci-

983 1829 1115 1880 plinis
1125 1829 1344 1864 liberalibus
1381 1829 1591 1863 erudiretur
1622 1831 1660 1864 01

982 1873 1117 1908 arcessi
1138 1873 1299 1908 Pericles
1325 1873 1592 1917 Antigenidam
1616 1873 1660 1908 ti-

983 1919 1144 1953 bicinem
1161 1919 1340 1960 iussisset,
1365 1920 1407 1952 ut
1423 1929 1507 1952 eum
1525 1929 1658 1953 canere

982 1963 1085 1997 tibiis
1103 1963 1265 2005 doceret,
1281 1963 1440 1997 traditas
1457 1962 1529 1997 sibi
1544 1963 1658 1997 tibias

984 2019 1097 2051 quum
1115 2009 1162 2042 ad
1180 2019 1220 2043 08
1237 2007 1467 2042 adhibuisset
1479 2007 1660 2042 1111108801-

984 2063 1075 2132 qfie,
1094 2053 1314 2132 {udeftactuts
1332 2052 1405 2087 oris
1421 2052 1659 2131 ᾶο101ω11ξῗ10

984 2109 1006 2133 a
1033 2108 1104 2132 1001
1151 2109 1188 2131 111
1207 2108 1287 2142 regi
1307 2107 1396 2140 que,
1429 2108 1543 2140 quum
1621 2107 1659 2130 u-

980 2143 1112 2177 11110110
1125 2143 1221 2177 10810
1240 2142 1372 2195 (Alcib.
1388 2152 1417 2175 c.
1433 2141 1482 2184 II)
1501 2142 1660 2176 diceret·

982 2185 1225 2223 Αὐλείτωσαν
1258 2186 1328 2221 οὐν
1360 2187 1539 2240 Θηβαίων
1571 2191 1660 2221 παῖ-

984 2234 1065 2272 δες·
1100 2245 1143 2266 ου
1179 2229 1250 2275 ’γὰρ
1277 2232 1380 2265 ἴσασι
1407 2231 1660 2275 διαλέγεσθαι

983 2273 1058 2312 κτὲ.
1112 2277 1203 2311 Inde
1243 2276 1336 2311 haec
1376 2275 1572 2320 disciplina
1611 2276 1658 2310 ab

983 2321 1273 2356 Atheniensibus
1304 2320 1506 2379 reprobata
1530 2321 1602 2362 est,
1627 2332 1659 2355 v.

983 2365 1421 2401 Aristot.Polit.V1116:
1443 2365 1509 2400 καὶ
1536 2345 1660 2405 καλῶς

985 2409 1278 2468 ἀπεδοκίμασαν
1293 2408 1410 2445 αὐτοῦ
1425 2411 1508 2454 (τοῦ
1520 2408 1659 2467 αυλοῦ)

984 2455 1022 2491 οἷ
1044 2455 1228 2501 πρότερον
1253 2452 1324 2498 τὴν
1350 2456 1482 2499 χρῆσιν
1513 2452 1553 2489 ἐκ
1585 2453 1660 2489 τῶν

984 2500 1081 2536 νέων
1098 2502 1163 2536 καὶ
1183 2502 1256 2536 τῶν
1274 2498 1501 2541 ἐλευθέρων,
1519 2499 1656 2554 καίπερ

983 2559 1129 2626 affl*
1128 2558 1327 2625 52⁰‘t1b330
1351 2541 1659 2623 πέεἶωῖηᾱῗέαῑῗε

982 2635 1091 2670 Plato
1116 2635 1162 2670 de
1186 2646 1262 2680 rep.
1277 2634 1378 2694 IIIp.
1394 2632 1495 2669 3990
1520 2635 1557 2667 et
1586 2632 1655 2666 ini-

980 2681 1089 2724 quius
1118 2681 1232 2715 etiam
1264 2679 1381 2713 111οὀ
1406 2680 1493 2713 ante
1518 2678 1572 2721 Py
1573 2677 1657 2712 tha-

980 2737 1090 2769 goras
1125 2726 1220 2759 teste
1250 2723 1400 2759 Aristid.
1432 2722 1578 2764 Quinct.
1609 2722 1655 2756 de

978 2770 1071 2805 Mus
1097 2770 1132 2804 II
1156 2781 1192 2814 p
1220 2773 1296 2804 110.

1027 2820 1079 2850 10.
1106 2813 1389 2859 Πρωταγόρᾳ
1417 2812 1657 2857 cvyy.]gra-

979 2860 1060 2894 vius
1083 2860 1153 2894 hoc
1176 2870 1289 2902 quam
1315 2850 1378 2893 σοὶ
1401 2869 1502 2902 συγγ-
