1907 3230
1490 175 1555 205 VII

143 266 338 309 Socrates
378 267 581 322 suspicari
611 266 809 321 fingitur,
849 264 1140 319 Agathonem·
1152 265 1385 307 Pausaniae
1415 266 1460 306 in
1491 266 1558 306 de—

141 322 251 365 liciis
281 323 433 377 fuisse,
472 339 521 365 ex
557 322 856 377 Xenophontis
896 322 1107 376 symposio
1140 324 1190 375 (c
1222 321 1327 363 VIII
1353 321 1408 362 :22
1438 324 1559 362 Παν-

143 381 299 429 σανίας
336 395 387 433 γε
423 356 450 422 ὁ
485 378 739 433 Ἀγάθωνος
768 380 847 419 τοῦ
879 381 1065 431 ποιητοῦ
1099 377 1303 432 ἐραστής)
1336 378 1402 418 vel
1433 378 1559 418 etiam

142 449 192 477 ex
223 435 331 477 Plat.
364 452 410 491 sy
414 451 545 492 mpos.
576 451 617 490 p.
653 437 729 477 177
752 435 808 487 E,
846 434 923 475 193
947 433 981 474 B
1012 435 1123 476 inter
1153 435 1380 490 legendum
1412 433 1560 475 confir—

140 493 292 547 mavit,
339 507 468 548 eaque
507 495 571 534 est
606 506 749 546 causa,
798 505 871 533 cur
910 504 1046 546 neque
1084 506 1177 533 cum
1216 490 1560 532 antecedentibus

140 563 276 603 neque
328 564 422 592 cum
464 549 736 603 sequentibus
775 546 914 589 verbis
955 548 1183 589 coniuncta
1232 549 1330 589 sint.
1403 547 1461 588 Et
1510 561 1559 587 ex

140 604 353 647 Phaedon.
394 621 433 661 p.
467 605 576 647 95B
615 605 880 660 intellegitur
910 602 1152 657 Platonem,
1194 605 1227 646 si
1267 621 1324 658 ην
1355 618 1403 645 eo
1434 618 1559 645 sensu

141 676 223 716 quo
254 662 381 732 vulgo
414 662 618 716 accipitur
649 663 871 716 posuisset,
908 665 951 703 in
985 661 1172 703 clausula
1202 676 1287 702 non
1320 660 1559 702 additurum

140 718 269 760 fuisse
301 717 556 782 ἐφαίνοντο.
618 718 926 760 Gravissimum
959 721 1100 759 autem
1130 717 1472 771 interpolationis
1493 731 1557 758 ar-

140 778 388 829 gumentum
421 775 465 816 in
496 789 544 816 eo
575 776 761 829 positum
793 777 868 829 est,
904 775 1014 830 quod
1043 789 1223 842 persona
1245 774 1433 815 80013118
1455 772 1560 814 illud

139 831 477 873 additamentum
518 835 582 873 est
618 831 856 886 indignum
917 831 1064 885 Neque
1097 835 1208 872 enim
1240 829 1429 872 Sociatis
1460 829 1557 871 Pla-

139 888 273 930 tonici
321 891 385 930 est
427 891 515 929 tam
561 889 843 930 somniculose
889 902 1082 941 11311310,
1132 891 1179 928 ut
1217 901 1323 941 quae
1362 887 1557 928 omnibus

140 946 326 986 numeris
366 945 629 998 absolverat,
670 945 812 986 animo
853 945 1056 986 dissoluto
1095 945 1147 985 ad
1178 944 1322 985 eadem
1353 946 1555 997 recurrat,

142 1002 221 1043 etsi
269 1002 371 1043 novi
422 1001 534 1055 quod
584 1002 710 1043 addat
760 1001 868 1043 nihil
918 1001 1058 1042 habet.
1147 1000 1262 1042 Talis
1309 1003 1373 1042 est
1424 1014 1559 1041 sermo

140 1057 434 1113 imperitorum
458 1057 689 1111 hominum,
722 1073 826 1113 quos
858 1058 1026 1112 quidem
1057 1057 1137 1098 hoc
1166 1057 1290 1098 modo
1320 1057 1560 1098 fabulantes

140 1113 354 1170 Vergilius
398 1114 504 1165 (Ecl.
537 1114 557 1156 I
588 1116 653 1166 27,
685 1116 759 1170 29)
798 1129 894 1156 vere
934 1115 1118 1168 induxit,
1160 1128 1412 1169 quamquam
1450 1113 1558 1167 apud

139 1170 339 1212 Plautum
369 1170 519 1225 (Poen.
550 1171 610 1212 IV
639 1172 684 1226 2)
716 1172 781 1213 vel
813 1186 977 1213 servus:
1010 1185 1127 1225 quae,
1159 1171 1310 1225 inquit,
1343 1170 1560 1212 audivistis

140 1227 282 1278 modo,
312 1241 427 1268 nunc
458 1227 492 1268 81
525 1229 670 1269 eadem
702 1228 770 1269 1110
800 1229 962 1281 iterem,
996 1228 1165 1268 inscitia
1195 1230 1270 1270 est.

253 1283 333 1325 His
374 1283 507 1338 igitur
545 1284 648 1325 locis
687 1285 875 1326 codicum
915 1284 1141 1325 lectionem
1182 1282 1287 1324 mihi
1325 1283 1437 1324 visus
1468 1298 1560 1324 sum

141 1343 253 1382 recte
281 1340 522 1394 mutavisse,
545 1340 618 1381 sed
644 1355 736 1382 eam
754 1340 919 1382 restitui
941 1355 981 1395 p.
1005 1340 1088 1381 334
1110 1339 1156 1382 C.
1187 1339 1252 1381 Ibi
1285 1340 1398 1381 enim
1428 1340 1558 1394 scrip·

141 1411 278 1438 seram
308 1398 475 1451 χυμῶν,
507 1397 579 1438 sed
609 1412 723 1438 1111110
752 1398 946 1439 revocavi
979 1395 1129 1451 ῥινῶν,
1162 1397 1270 1451 quod
1301 1396 1405 1437 mihi
1435 1396 1558 1437 Plato

141 1468 230 1495 rem
271 1453 465 1495 consulto
504 1454 565 1495 ita
602 1453 769 1495 videtur
805 1454 1062 1504 instituisse,
1105 1456 1151 1494 ut
1191 1453 1446 1508 Protagoras
1485 1453 1560 1494 illo

140 1510 233 1552 loco
277 1510 459 1551 absurda
498 1513 540 1552 et
577 1511 754 1552 ridicula
792 1511 836 1552 in
874 1510 1056 1552 medium
1094 1509 1316 1564 proferret.
1376 1509 1488 1551 Nam
1518 1509 1561 1550 id

141 1567 309 1621 quidem
350 1569 516 1608 constat
559 1568 750 1622 ineptam
789 1582 877 1609 esse
916 1566 1131 1622 sophistae
1163 1567 1440 1618 sententiam,
1478 1580 1561 1622 qua

143 1624 297 1677 oleum,
330 1623 440 1678 quod
473 1625 745 1678 praecipuum
777 1627 820 1665 et
848 1624 931 1665 fuit
952 1627 994 1665 et
1014 1624 1139 1665 hodie
1161 1627 1225 1666 est
1247 1623 1561 1665 condimentum

143 1680 354 1734 ciborum,
402 1681 542 1722 suavis
581 1681 717 1722 odoris
759 1695 883 1722 causa
923 1680 1159 1721 adhibitum
1199 1695 1288 1721 esse
1327 1680 1450 1732 dicit,
1498 1682 1562 1721 est

142 1737 254 1777 enim
293 1740 340 1778 ut
378 1736 439 1776 ait
468 1736 786 1804 Theophrastus
826 1738 898 1789 (de
936 1737 1050 1778 odor
1086 1736 1159 1790 IV,
1199 1737 1296 1778 edit
1344 1714 1559 1777 Winimer.

141 1791 205 1833 ΠΙ
225 1792 297 1843 78)
320 1790 363 1832 τὸ
387 1790 538 1833 ἐ’λαιον
561 1791 780 1847 ἑψόμενον
803 1794 1014 1844 κακωδες,
1046 1794 1218 1847 eiusque
1249 1807 1347 1833 usus
1378 1793 1561 1856 plurima

142 1851 311 1890 exstant
342 1849 553 1903 exempla,
594 1853 640 1891 ut
669 1849 821 1891 Horat
853 1852 933 1891 sat.
964 1848 1006 1890 II
1037 1850 1074 1900 8,
1107 1851 1161 1891 45
1191 1849 1256 1890 his
1287 1849 1465 1890 mixtum
1495 1850 1561 1890 ius

142 1908 226 1946 est:
267 1905 378 1952 oleo,
412 1919 528 1957 gaxyo
562 1907 660 1947 vino
693 1906 969 1970 quinquenni,
1003 1906 1101 1946 dum
1133 1906 1344 1960 coquitui,
1377 1905 1485 1946 Ρ1111
1517 1920 1559 1947 n.

143 1938 384 2003 h.XXV1i
418 1962 495 2003 136
534 1963 585 2003 ad
623 1963 801 2027 opsonia
839 1965 1017 2004 utuntur
1048 1963 1260 2017 (smirnio)
1299 1977 1394 2003 cum
1425 1963 1561 2003 mulso

147 2021 190 2059 et
221 2018 314 2060 0100
347 2021 388 2060 et
409 2032 528 2071 gaio,
559 2020 740 2061 maxime
761 2021 804 2061 in
827 2020 945 2061 elixis
966 2019 1177 2067 carnibus,
1209 2018 1366 2060 Athen.
1389 2034 1430 2073 p.
1452 2018 1506 2061 65
1528 2018 1560 2061 C

142 2077 377 2129 νομίζεται,
411 2073 536 2126 ε’ψειν
568 2076 701 2131 ἐλαίῳ
739 2075 962 2130 ῥάφανον,
1001 2079 1044 2117 et
1073 2091 1112 2130 p.
1145 2076 1226 2117 645
1246 2075 1283 2117 Ε
1313 2078 1561 2129 πεμμάτιον

142 2131 363 2185 ἑψόμενον
391 2131 440 2172 ἐν
472 2130 604 2188 ἐλαίῳ
637 2133 710 2174 καὶ
740 2148 848 2186 μετα
878 2135 1010 2174 τοῦτο
1042 2132 1371 2186 μελιτούμενον.
1412 2132 1560 2187 Neque

142 2187 278 2242 pisces
318 2187 410 2229 oleo
442 2189 636 2242 apparati
667 2193 784 2239 sunt,
824 2189 934 2244 quod
966 2203 1081 2230 mare
1113 2189 1306 2243 olebant,
1346 2188 1418 2230 sed
1449 2190 1560 2243 quod

143 2258 258 2285 mare
280 2244 520 2298 sapiebant,
552 2260 695 2287 eorum
717 2246 830 2287 enim
858 2246 982 2287 nidor
1009 2259 1086 2300 pro
1116 2246 1298 2287 iucundo
1328 2244 1562 2287 habebatur

142 2300 218 2355 (cf.
250 2300 407 2342 Athen.
441 2317 480 2358 p.
506 2302 583 2346 118
606 2301 677 2356 D).
736 2303 884 2357 Itaque
916 2303 987 2357 qui
1014 2302 1064 2343 de
1096 2303 1284 2344 ciborum
1315 2303 1560 2357 appetentia

145 2357 238 2399 oleo
274 2357 469 2399 facienda
507 2358 692 2412 loquitur
728 2373 806 2400 nec
846 2359 976 2414 palati
1016 2359 1087 2400 sed
1126 2360 1291 2401 narium
1324 2373 1449 2400 causa
1478 2359 1558 2400 hoc

145 2414 463 2456 condimentum
485 2415 581 2456 addi
603 2419 759 2468 censet,
781 2430 1001 2479 perperam
1031 2415 1080 2457 de
1103 2416 1183 2457 olei
1214 2419 1370 2457 natura
1398 2430 1559 2470 usuque.

146 2470 316 2525 iudicat,
347 2473 395 2512 ut
423 2471 563 2513 facele
593 2487 680 2513 11011
710 2473 932 2526 possimus,
964 2473 1065 2527 quin
1086 2472 1319 2524 Platonem,
1352 2473 1386 2513 si
1418 2473 1462 2514 in
1485 2472 1559 2513 illa

145 2527 431 2581 disputatione
454 2543 601 2570 vocem
634 2528 771 2582 ρινων
801 2543 877 2583 pro
909 2531 1084 2582 πικρῶν
1114 2529 1182 2570 vel
1211 2545 1364 2583 χυμων
1396 2544 1440 2570 10
1462 2543 1559 2571 vera

143 2582 404 2638 Protagorae
435 2585 598 2639 tribuit,
629 2585 742 2627 hunc
772 2600 819 2628 eo
841 2585 963 2627 modo
984 2585 1159 2627 irrideie
1180 2586 1362 2627 voluisse
1383 2585 1558 2626 arbitre

143 2654 249 2681 mur.
308 2640 404 2682 Hoc
434 2656 532 2683 vero
565 2657 614 2684 eo
645 2643 781 2698 magis
812 2641 1010 2683 credibile
1042 2648 1127 2693 est,
1160 2642 1270 2697 quod
1300 2641 1424 2684 Plato
1455 2642 1557 2683 Ρ10-

144 2699 338 2760 tagoram
377 2698 501 2752 paulo
532 2701 650 2748 ante,
689 2713 816 2754 quum
848 2698 984 2740 oleum
1015 2698 1112 2753 pilis
1144 2699 1389 2740 animalium
1419 2699 1557 2754 perni-

145 2754 305 2795 ciosum
337 2768 425 2796 esse
456 2755 577 2807 dicit,
611 2759 653 2797 et
683 2771 707 2797 a
737 2756 912 2797 veritate
943 2757 985 2796 et
1015 2770 1039 2795 a
1069 2757 1277 2797 communi
1302 2755 1556 2797 Graecorum

146 2809 299 2852 iudicio
330 2811 596 2854 aberrantem
618 2813 741 2866 fecit,
775 2813 825 2855 cf
850 2812 973 2853 Hem.
995 2811 1045 2856 Il
1068 2812 1135 2865 23,
1155 2812 1233 2854 281
1258 2812 1399 2867 ibique
1422 2812 1554 2854 schol.

146 2864 368 2908 Praeterea
397 2882 437 2922 p.
469 2869 551 2910 312
573 2868 625 2923 D,
656 2869 727 2910 ubi
759 2868 1038 2910 Stallbaumio
1076 2872 1247 2910 auctore
1280 2883 1372 2910 cum
1405 2868 1555 2910 ceteris
