1939 3214
372 176 391 215 1
400 175 452 215 72
960 171 1199 207 PLATONIS

365 270 545 354 Ἀληθῆ,
578 274 675 328 ἐφη,
707 273 865 327 λέγεις,
898 270 921 314 ὁ
942 272 1261 327 Πρωταγόρας.
1309 271 1458 313 Πάλιν
1479 274 1650 326 τοίνυν,
1674 274 1789 326 ἔφην

371 340 474 394 ἐγώ,
516 344 559 382 εἰ
591 356 644 394 με
682 339 938 395 ἀνέροισθε,
979 357 1012 382 ω
1045 340 1301 394 ἄνθρωποι,
1341 341 1461 388 τίνος
1500 340 1585 380 οὐν
1625 340 1790 394 δήποτε

370 407 501 449 ἕνεκα
532 407 676 449 πολλα
706 408 808 462 περὶ
838 406 1001 449 τούτου
1024 409 1165 461 λέγεις
1186 406 1259 448 καὶ
1282 407 1504 460 πολλαχῇ;
1537 405 1790 460 συγγιγνώ-

371 487 498 516 σκετε
528 491 617 529 μοι,
651 476 792 529 φαίην
823 474 879 516 ἂν
910 476 1064 528 ἔγωγε.
1112 477 1293 527 πρῶτον
1314 473 1395 526 μὲν
1426 470 1510 526 γὰρ
1542 471 1596 514 οὐ
1629 472 1789 529 ῥᾴδιον

369 541 614 594 ἀποδεῖξαι,
646 544 692 583 τί
722 543 819 584 ἐστί
846 556 954 583 ποτε
984 544 1132 594 τοῦτο,
1165 538 1191 582 ὅ
1220 538 1346 594 ὑμεῖς
1376 542 1552 582 καλεῖτε
1572 542 1662 582 τῶν
1681 539 1791 593 ἡδο-
1821 554 1838 580 5

369 617 465 651 νῶν
495 608 610 663 ἥττω
643 605 775 650 εἶναι·
807 610 958 650 ἔπειτα
991 608 1041 650 ἐν
1071 608 1215 664 τούτῳ
1246 607 1330 650 εἰσὶ
1361 610 1500 648 πᾶσαι
1531 608 1582 648 αἱ
1605 605 1792 649 άποδεί-

370 676 469 727 ξεις.
532 674 634 717 ἀλλ’
676 678 740 718 ἔτι
777 677 852 717 καὶ
893 677 981 717 νῦν
1011 674 1267 717 ἀναθέσθαι
1297 675 1480 726 ἔξεστιν,
1513 677 1643 730 εἴπῃ
1675 676 1793 728 ἔχετε

279 753 345 787 355
371 741 479 785 ἄλλο
517 760 559 785 τι
601 743 742 797 φάναι
788 740 903 785 εἶναι
947 738 996 784 τό
1042 741 1221 797 άγαθόν
1257 740 1286 796 η’
1324 742 1407 797 τὴν
1445 739 1630 796 ἡδονήν,
1677 737 1706 796 ἢ
1743 740 1793 783 τὸ

370 809 511 852 κακὸν
549 809 656 852 ἄλλο
694 826 736 852 τι
773 806 801 865 ἢ
838 809 922 864 τήν
961 807 1119 864 άνίαν,
1168 806 1196 864 ἢ
1235 807 1368 864 ἀρκεῖ
1408 807 1518 862 ὑμῖν
1562 807 1612 850 τὸ
1653 806 1794 863 ἡδέως

371 880 646 932 καταβιῶναι
683 876 762 919 τὸν
792 879 895 932 βίον
926 876 1039 919 ἄνευ
1071 879 1250 927 λυπῶν;
1291 878 1332 918 εἰ
1367 877 1415 918 δὲ
1447 875 1595 931 άρκεῖ,
1628 874 1703 917 καὶ
1732 874 1790 931 μὴ
1815 890 1846 915 ιο

371 947 490 999 ἔχετε
528 945 669 999 μηδὲν
707 944 817 986 ἄλλο
857 945 999 998 φάναι
1040 941 1153 986 εἶναι
1191 943 1367 998 ἀγαθὸν
1404 940 1432 997 ἢ
1471 943 1632 996 κακόν,
1673 939 1697 984 ὃ
1734 943 1791 997 μὴ

372 1013 433 1060 εἰς
471 1013 611 1053 ταῦτα
649 1015 856 1067 τελευτᾷ,
895 1011 944 1053 τὸ
986 1011 1095 1066 μετὰ
1131 1014 1265 1052 τοῦτο
1306 1009 1505 1052 ἀκούετε.
1567 1008 1678 1064 φημὶ
1708 1008 1794 1064 γὰρ

370 1073 479 1132 ὑμῖν
509 1080 673 1120 τούτου
705 1077 846 1128 οὕτως
876 1080 1055 1133 ἔχοντος
1084 1080 1263 1132 γελοῖον
1284 1077 1363 1119 τὸν
1384 1077 1521 1131 λόγον
1542 1079 1793 1131 γίγνεσθαι,

371 1144 478 1187 ὅταν
509 1146 679 1200 λέγητε,
712 1144 779 1186 ὅτι
810 1146 1025 1194 πολλάκις
1054 1145 1321 1199 γιγνώσκων
1341 1144 1395 1186 τά
1417 1144 1532 1187 κακὰ
1552 1143 1796 1199 ἅνθρωπος

372 1212 437 1255 ὅτι
477 1212 592 1254 κακά
629 1214 768 1266 ἐστιν,
808 1212 926 1266 ὅμως
963 1213 1148 1266 πράττει
1180 1211 1310 1266 αὐτά,
1344 1211 1446 1263 ἐξὸν
1475 1212 1533 1266 μὴ
1567 1212 1793 1268 πράττειν,
1816 1223 1848 1250 15

325 1295 354 1329 Β
373 1278 462 1322 ὑπὸ
492 1284 583 1322 τῶν
613 1278 792 1334 ἡδονῶν
823 1280 1041 1335 ἀγόμενος
1070 1281 1144 1321 καὶ
1168 1279 1534 1334 ἐκπληττόμενος,
1567 1280 1640 1320 καὶ
1663 1271 1798 1328 αὖθις

371 1342 429 1389 αὖ
469 1349 646 1402 λέγητε,
686 1346 752 1389 ὅτι
792 1347 1056 1402 γιγνώσκων
1094 1345 1116 1390 ὁ
1155 1347 1402 1400 ἄνθρωπος
1441 1341 1617 1400 τάγαθὰ
1654 1346 1797 1399 πράτ*

462 1487 492 1517 9.
524 1481 670 1517 κακὸν
697 1477 719 1527 ἢ
747 1481 858 1517 ἄλλό
882 1497 924 1517 τι
949 1483 978 1516 Β
987 1482 1028 1523 ’,Γ
1054 1477 1166 1525 ε6<1η
1157 1478 1387 1516 'manifesto
1415 1491 1539 1516 errore
1564 1480 1733 1516 additum
1759 1482 1797 1515 ei:

372 1527 459 1562 olim
484 1528 559 1561 iam
584 1530 792 1562 correctum
819 1528 883 1562 est.
956 1532 1007 1563 14
1036 1496 1290 1569 ἄνθρωπος
1309 1526 1395 1559 BT:
1421 1526 1570 1561 Bekker
1587 1525 1664 1560 sine
1682 1525 1796 1560 libro·

370 1584 452 1607 rum
478 1572 656 1616 suffragio
682 1572 827 1616 scripsit
852 1569 869 1606 ὁ
899 1569 1104 1615 ἄνθρωπος
1131 1573 1169 1606 et
1195 1571 1343 1615 Sauppe
1369 1571 1535 1614 ibemque
1561 1570 1703 1604 Schanz
1729 1566 1795 1604 ἅν-

371 1620 539 1661 θρωπος,
568 1619 780 1662 propterea,
807 1620 849 1651 ut
873 1617 1033 1659 videtur,
1062 1618 1163 1659 quod
1188 1629 1226 1651 1n
1250 1616 1429 1661 proximis
1454 1615 1631 1650 articulus
1655 1615 1797 1649 nomini

369 1662 638 1706 praemittitur,
680 1661 750 1696 Sed
771 1664 825 1696 est
849 1662 919 1696 hoc
943 1673 1078 1696 nomen
1102 1663 1140 1695 in
1165 1671 1319 1696 numero
1346 1671 1483 1701 eorum
1512 1671 1619 1704 quae,
1646 1660 1795 1704 quando

369 1717 443 1740 non
469 1707 514 1741 de
540 1708 642 1741 certo
669 1706 831 1749 quodam
857 1708 970 1750 atque
995 1717 1088 1749 uno,
1116 1706 1180 1740 sed
1209 1706 1254 1740 de
1280 1716 1416 1750 genere
1441 1706 1480 1739 in
1505 1705 1717 1739 universum
1743 1705 1797 1738 di-

370 1753 514 1793 cuntur,
553 1751 709 1786 articulo
736 1761 862 1786 carere
888 1753 988 1786 recte
1013 1752 1178 1804 possunt
1217 1763 1249 1785 v.
1276 1751 1323 1784 ad
1347 1762 1383 1794 p.
1410 1754 1476 1785 310
1503 1749 1528 1784 C
1554 1749 1798 1803 (95,1).1ta.

370 1809 404 1841 p.
430 1801 494 1831 321
521 1795 572 1832 D:
600 1797 744 1839 σοφίαν
769 1794 976 1838 ανθρωπος
1001 1795 1122 1842 ταύτῃ
1150 1796 1250 1840 ε’,σχε
1280 1796 1345 1829 ubi
1370 1795 1565 1850 quominus
1592 1790 1798 1837 ἅνθρωπος

370 1842 521 1894 scribas,
547 1841 750 1886 prohibent
773 1841 943 1885 proxima
965 1832 1223 1885 paragrapho:
1257 1843 1326 1884 τήν
1351 1842 1419 1884 τῆς
1442 1838 1607 1884 Ἀθηνᾶς
1633 1841 1795 1874 δίδωσιν

371 1882 573 1943 ανθρωπῳ
593 1886 657 1920 ubi
681 1897 791 1921 nemo
816 1901 866 1933 τῳ
893 1886 1102 1928 intruscffi‘o,
1135 1896 1364 1930 quamquam
1388 1896 1423 1928 p
1458 1889 1523 1919 322
1548 1887 1580 1919 A
1616 1884 1794 1928 legimus:

371 1929 507 1976 ἐπειδὴ
535 1929 578 1966 δὲ
605 1928 623 1965 ὁ
651 1924 857 1984 ἄνθρωπος
882 1933 999 1971 θείας
1024 1931 1180 1975 μετέσχε
1206 1933 1353 1973 μοίρας.
1395 1929 1487 1964 Ibid.
1502 1941 1539 1974 p.
1554 1896 1678 1964 322Cg:
1708 1930 1796 1973 δοίη

371 1977 486 2026 δίκην
518 1977 583 2011 καὶ
618 1976 716 2011 αἰδῶ
748 1972 986 2029 ἄνθρωποις,
1020 1976 1084 2010 ubi
1114 1975 1243 2019 paullo
1276 1976 1362 2029 post]
1389 1975 1514 2027 δίκην
1530 1971 1578 2018 δη
1606 1975 1673 2008 καὶ
1698 1942 1797 2008 αἰδῶ

371 2035 469 2056 ουτω
500 2023 561 2055 θῶ
593 2018 633 2056 ἐν
666 2026 746 2060 τοῖς
772 2018 1007 2064 ἀνθρώποις.
1054 2032 1090 2064 p.
1116 2023 1182 2054 355
1207 2019 1253 2053 Ε.
1289 2018 1455 2063 λέγωμεν
1492 2015 1551 2053 ότι
1585 2016 1796 2062 ἅνθρωπος

370 2065 540 2109 πράττει.
579 2066 624 2101 cf.
650 2066 695 2100 de
728 2076 806 2109 rep
833 2065 924 2144 {p
938 2069 1018 2144 l603
1045 2066 1082 2100 C.
1120 2068 1184 2099 619
1209 2064 1250 2098 Β.
1289 2064 1385 2108 apol.
1411 2076 1445 2108 p.
1473 2068 1515 2098 39
1542 2063 1579 2097 C.
1616 2075 1734 2107 symp
1760 2075 1797 2115 p.

373 2114 436 2145 106
455 2113 496 2145 A.
757 2114 820 2144 271
914 2121 935 2144 a

530 2110 670 2165 polibic.
695 2122 731 2154 p.

1056 2114 1108 2144 17.
1142 2108 1186 2143 λ
1171 2122 1185 2143 ε
1196 2122 1216 2154 γ
1225 2123 1247 2153 η
1258 2123 1276 2143 τ
1287 2122 1303 2144 ε
1337 2108 1496 2143 correxit
1528 2107 1720 2150 Heindorf,
1756 2110 1795 2142 in

370 2156 440 2189 BT
468 2156 525 2190 est]
551 2155 677 2199 λέγετε
703 2155 802 2197 quod
828 2155 967 2223 (16161111
992 2154 1167 2198 Hirschig
1193 2164 1351 2196 eumque
1377 2155 1523 2188 secutus
1549 2152 1702 2187 Sohanz

417 2283 447 2313 2.
475 2280 520 2313 εἴ
538 2291 591 2323 με
618 2275 952 2332 ανέροισθε-]
980 2277 1049 2311 Ex-

373 2324 570 2380 spectabas
611 2324 650 2358 εἴ
684 2336 729 2366 με
774 2320 972 2364 οἷνέροιντο
1014 2321 1053 2357 οἵ

372 2367 473 2411 α’νθρ
478 2381 584 2410 ωποι,
611 2380 643 2405 v.
657 2379 693 2411 p.
709 2368 831 2404 353A.
847 2367 885 2409 C,
910 2367 975 2402 sed
999 2367 1050 2402 le-

371 2383 473 2458 pideo
486 2413 657 2448 Socrates
683 2412 928 2453 advelsarios,
956 2423 1048 2455 quos

373 2458 484 2493 modo
509 2458 678 2499 finxerat,
702 2468 800 2491 nune
817 2441 967 2491 simusat
985 2457 1047 2491 ad-

373 2514 463 2539 esse.

417 2552 448 2582 6.
473 2545 520 2582 ἐν
545 2560 690 2592 τουτῳ
719 2546 805 2581 εἰσὶ
829 2547 1049 2589 πᾶσαι-ξι

372 2594 416 2627 in
441 2593 522 2627 hac
554 2603 600 2627 re
627 2591 769 2627 omnis
794 2592 952 2636 posiba
984 2594 1052 2626 est

372 2638 440 2672 vis
465 2640 728 2672 nostrorum
753 2638 1052 2680 argumento—

372 2694 484 2724 rum,
511 2693 538 2715 s.
566 2682 611 2716 in
635 2682 720 2716 hac
745 2692 792 2716 re
817 2681 962 2715 totius
987 2681 1054 2715 di-

373 2726 663 2772 sputahionis
688 2728 876 2760 nostrae
909 2727 1054 2761 cardo

373 2773 629 2806 versatur.
655 2791 696 2796 -
729 2766 1016 2806 ἇναθέσθα
1043 2783 1055 2803 ι

374 2815 577 2859 ἔξεστιν,
621 2816 759 2850 etiam
799 2827 915 2850 nunc
955 2827 1055 2851 sen-

373 2861 571 2895 tentiam
604 2862 808 2896 vestram
841 2861 956 2895 licet
987 2872 1055 2896 re·

1118 2277 1337 2311 tractare.
1386 2288 1419 2311 v.
1458 2276 1504 2310 ad
1539 2276 1727 2313 Phaedon.
1760 2287 1796 2320 P.

1120 2326 1162 2357 87
1188 2322 1233 2358 A.
1259 2321 1389 2357 Stazlb.

1167 2393 1220 2423 10.
1263 2389 1341 2424 καὶ
1381 2386 1438 2432 μή
1481 2387 1609 2432 εἴχετε
1650 2387 1798 2432 μηδεν

1121 2429 1288 2489 α’λλο]
1316 2433 1540 2470 Demosth
1579 2433 1623 2467 de
1654 2443 1727 2467 cor.
1755 2444 1792 2476 p.

1121 2482 1203 2513 319:
1247 2476 1315 2512 οὐκ
1352 2475 1594 2521 ἀδικήματος
1633 2475 1798 2518 ουὸενός

1122 2525 1254 2567 λαβεῖν
1279 2523 1473 2567 τιμωρίαν.
1500 2523 1668 2576 Xenoph.
1695 2522 1796 2557 Ana—

1119 2568 1306 2606 bas.113
1327 2571 1385 2602 1οτ
1412 2566 1496 2611 εἰμ
1471 2580 1522 2612 μη
1552 2564 1646 2602 ἄλλο
1671 2565 1796 2611 μηδεν

1126 2612 1261 2657 ἔχοιμι.
1288 2611 1413 2647 S.tallb

1172 2683 1223 2714 13.
1249 2683 1436 2723 γελοῖον
1460 2699 1502 2703 -
1527 2679 1794 2724 γίγνεσθαι]

1124 2725 1190 2761 int.
1208 2724 1277 2758 hae
1303 2734 1416 2766 quam
1441 2724 1661 2758 concludam
1686 2734 1797 2767 argu-

1124 2768 1366 2811 mentatione,
1392 2779 1549 2811 eamque
1575 2768 1621 2802 ob
1647 2778 1797 2802 causam

1125 2814 1224 2848 illius
1257 2813 1434 2847 orationis
1459 2814 1665 2848 sententias
1692 2822 1793 2847 esse

1126 2858 1303 2893 ridiculas
1336 2857 1463 2892 statim
1494 2858 1577 2903 post
1608 2857 1714 2892 dicit:
1748 2853 1796 2897 ὥς
