1907 3230
634 153 699 187 AD
724 151 1073 188 PROTAGORAM.
1535 152 1560 194 9

142 255 329 299 omnium
359 254 539 295 maxime
569 253 857 307 usurpandum
889 252 1042 304 essem)
1075 276 1128 282 —
1155 251 1229 295 fita
1263 251 1421 291 iniuste
1449 255 1559 306 agat,

141 314 189 354 ut
227 315 301 353 aut
339 310 567 364 quaerendi
605 309 769 350 ratione
807 309 853 349 in
883 307 1072 349 fraudem
1103 310 1146 348 et
1176 321 1358 348 errorem
1389 307 1561 348 inducat

142 360 232 410 aut*
245 366 538 421 ambiguitatis
567 378 691 406 causa
711 364 865 405 serium
887 377 1122 405 sermonem
1144 377 1238 404 cum
1259 363 1350 404 ioco
1372 362 1560 406 misceat.

147 423 309 471 Quibus
340 422 479 463 verbis
500 421 622 462 Plato
654 420 887 474 posteriore
917 422 1107 473 tempore
1138 418 1189 460 de
1209 418 1448 472 iniquitate,
1481 432 1562 471 qua

144 479 428 532 Protagoram
458 478 504 518 in
535 476 788 531 cognomine
820 475 986 530 dialogo
1008 475 1218 524 affecerat,
1252 473 1562 528 quodammodo

142 535 232 589 ipse
263 534 363 576 tulit
393 533 658 575 sententiam.
720 530 853 580 Quam
884 531 938 572 ob
970 545 1140 572 causam
1171 530 1410 571 existimare
1441 530 1562 570 debe-

144 604 239 631 mus
272 604 367 631 eum
397 589 463 630 vel
492 587 669 629 iuvenili
700 587 882 641 quadam
913 587 1086 627 lascivia
1115 586 1181 627 vel
1212 586 1345 626 nimio
1379 585 1563 626 Socratis

143 646 284 687 studio
316 644 543 699 impulsum
574 644 834 698 Protagorae
865 643 992 683 etiam
1018 645 1065 683 ut
1086 642 1264 683 Prodico
1286 642 1331 682 in
1352 641 1432 682 hoc
1454 641 1562 682 libro

143 705 283 756 partes
322 700 519 742 tribuisse
556 699 701 740 multis
736 699 870 739 modis
909 699 1183 739 abhorrentes
1223 700 1264 738 et
1294 712 1318 738 a
1347 697 1563 751 sophistae

143 757 319 812 ingenio
350 759 391 797 et
426 770 450 796 a
480 770 578 796 vera
606 755 740 809 ipsius
771 755 900 795 animi
934 755 1158 795 sententia.
1218 753 1314 806 Ipse
1346 754 1459 794 enim
1492 752 1564 793 ad-

143 813 375 854 olescentes
408 812 560 865 quibus
591 812 641 852 ad
673 810 989 865 philosophiam
1021 810 1159 850 aditus
1190 809 1332 862 aliqua
1363 808 1413 849 de
1439 822 1565 849 causa

144 871 326 923 negatus
357 882 451 909 esse
479 868 712 920 videbatur,
748 881 772 907 a
802 866 1002 920 sophistis
1033 866 1084 906 ad
1114 865 1400 906 liberaliorem
1431 864 1564 906 fortu-

147 938 247 966 nam
286 924 453 965 institui
485 938 663 977 aequum
696 923 871 964 censuit.
932 921 1076 976 anue
1107 923 1171 962 est
1202 935 1348 973 causa,
1388 934 1461 961 cur
1492 919 1565 962 So-

143 983 280 1022 crates
311 981 356 1020 in
377 979 608 1020 Theaeteto
640 980 698 1033 (p.
725 979 801 1020 151
827 977 895 1032 Β),
927 991 1031 1032 quos
1062 992 1136 1018 sua
1166 991 1293 1031 opera
1323 976 1430 1017 nihil
1461 976 1568 1017 indi-

144 1050 246 1091 gere
267 1036 537 1089 intellexiset,
560 1049 648 1076 non
670 1036 806 1076 invito
828 1035 969 1075 animo
991 1048 1060 1074 eos
1083 1048 1211 1087 quum
1234 1033 1327 1073 aliis
1349 1031 1565 1086 sophistiS,

144 1106 321 1146 quorum
353 1092 547 1133 doctrina
577 1091 843 1140 iuvarentur,
888 1090 1135 1131 conciliasse
1167 1089 1350 1139 dicatur,
1382 1091 1471 1129 tum
1502 1087 1568 1128 vel

144 1148 328 1189 maxime
360 1148 536 1188 Prodico
550 1147 618 1202 ²²).
669 1146 720 1188 In
751 1146 801 1187 iis
832 1146 964 1201 igitur
986 1145 1283 1199 Hippocrates,
1314 1143 1568 1200 Apollodori

143 1204 267 1254 filius,
300 1202 583 1244 numerandus
615 1205 692 1252 est,
726 1216 863 1256 quem,
895 1204 944 1242 ut
975 1204 1038 1242 est
1068 1202 1111 1243 in
1138 1201 1219 1242 hoc
1240 1201 1361 1253 libro,
1394 1200 1445 1240 ad
1467 1199 1568 1240 Pro-

145 1263 341 1314 tagoram
373 1259 547 1299 adduxit
559 1258 628 1313 23).
681 1258 772 1306 Quo
804 1258 945 1298 officio
978 1271 1102 1310 quem
1134 1257 1186 1297 ad
1217 1256 1388 1296 modum
1421 1255 1568 1296 Socra-

143 1318 210 1357 tes
242 1315 466 1356 defunctus
498 1315 566 1367 sit,
599 1315 756 1368 optime
789 1327 837 1354 ex
867 1313 974 1354 libro
996 1314 1088 1366 ipso
1110 1314 1300 1366 apparet,
1334 1311 1451 1352 cuius
1473 1310 1571 1351 hoc

145 1374 210 1413 est
240 1371 593 1412 summarium.

259 1427 417 1468 Narrat
455 1426 650 1468 Socrates
689 1426 825 1466 amico
867 1424 1059 1476 cuidam,
1097 1424 1168 1477 qui
1206 1423 1369 1464 factum
1410 1423 1485 1474 sit,
1524 1423 1572 1462 ut

146 1482 272 1524 modo
303 1482 550 1524 convenerit
582 1496 677 1523 cum
698 1481 943 1535 Protagora,
975 1480 1065 1521 viro
1089 1479 1323 1533 sapientiae
1343 1479 1466 1519 laude
1490 1478 1571 1518 cla-

147 1539 328 1588 rissimo,
361 1541 404 1579 et
435 1553 541 1592 quae
573 1552 668 1579 cum
700 1551 748 1578 eo
779 1537 835 1578 sit
865 1536 1111 1578 collocutus.
1163 1534 1355 1576 Venerat
1385 1535 1498 1575 enim
1520 1533 1571 1574 ad

149 1609 246 1636 eum
276 1594 412 1635 multo
444 1594 580 1635 adhuc
611 1593 796 1635 diluculo
818 1591 1118 1647 Hippocrates,
1152 1592 1270 1632 cuius
1301 1591 1426 1631 modo
1457 1603 1571 1630 men·

148 1652 309 1692 tionem
340 1651 434 1704 feci,
468 1650 632 1691 iuvenis
664 1649 954 1698 Atheniensis,
988 1649 1094 1688 miro
1125 1647 1340 1701 sophistae
1372 1645 1571 1687 audiendi

149 1707 301 1748 ardore
331 1707 551 1757 incensus,
591 1720 770 1760 eumque
799 1705 995 1759 precibus
1027 1704 1205 1753 adierat,
1239 1706 1287 1743 ut
1317 1703 1455 1756 ipsum
1489 1701 1571 1742 cla-

148 1763 318 1804 rissimo
355 1763 588 1816 sapientiae
619 1764 661 1803 et
690 1761 858 1801 virtutis
888 1760 1094 1814 magistro
1127 1759 1423 1799 commendare
1455 1760 1498 1798 et
1528 1757 1573 1797 in

151 1818 420 1872 disciplinam
468 1819 634 1859 tradere
682 1817 822 1858 vellet.
896 1815 1024 1857 Cuius
1074 1815 1284 1855 voluntati
1326 1814 1574 1867 priusquam

149 1888 309 1915 morem
339 1876 524 1927 gereret,
557 1873 812 1927 colloquium
843 1872 1107 1922 instituerat,
1142 1884 1225 1924 quo
1257 1885 1352 1910 eum
1383 1870 1433 1910 de
1464 1869 1573 1923 peri-

150 1930 258 1981 culo,
290 1930 400 1984 quod
433 1944 483 1970 ex
514 1930 588 1970 illa
617 1928 844 1982 disciplina
874 1927 926 1968 ad
957 1927 1090 1980 ipsius
1123 1926 1313 1966 animum
1334 1925 1572 1966 redundare

151 1988 316 2041 posset,
349 1987 646 2027 commoneret.
706 1984 855 2038 Itaque
887 1997 937 2024 ex
969 1997 1016 2024 eo
1050 1982 1338 2036 quaesiverat,
1379 1995 1452 2022 cur
1481 1984 1574 2022 tan-

151 2043 246 2084 dem
285 2041 335 2083 ad
368 2041 649 2096 Protagoram
688 2040 837 2081 adduci
868 2039 1020 2091 vellet,
1052 2042 1142 2079 tum
1173 2052 1400 2092 quemnam
1432 2037 1574 2091 sophi-

152 2101 263 2140 stam
300 2097 578 2152 intelligeret,
618 2097 799 2150 denique
840 2096 884 2136 in
925 2109 1006 2149 qua
1035 2094 1303 2148 potissimum
1334 2108 1378 2134 re
1410 2107 1477 2134 ars
1508 2106 1575 2133 so-

266 2235 327 2274 21)
358 2232 421 2266 Τῶ
454 2229 550 2276 λόγῳ
583 2229 704 2275 τούτῳ
738 2225 782 2264 σὺ
817 2228 851 2263 εἰ
874 2228 945 2272 μὲν
971 2226 1068 2271 ἔχεις
1094 2224 1134 2269 ἐξ
1160 2223 1279 2271 ἀρχῆς
1305 2224 1575 2271 ἀμφισβητεῖν,

153 2271 407 2321 ἄμφισβήτει,
435 2275 530 2318 λόγω
557 2272 871 2317 ἅντιδιεξελθιόν,
899 2273 932 2307 εἰ
957 2272 999 2307 δὲ
1027 2269 1082 2306 δι’
1109 2270 1326 2316 ἐρωτήσεων
1351 2268 1491 2314 βούλει,
1521 2268 1575 2304 δι’

155 2318 390 2366 ἐρωτήσεων·
434 2318 483 2355 οὐ
530 2317 660 2364 ὲγὰρ
690 2317 825 2354 τοῦτο
857 2315 1106 2362 φευκτέον,
1140 2315 1254 2351 ἀλλὰ
1281 2315 1469 2350 πάντων
1494 2314 1575 2358 μα’-

156 2370 289 2402 λιστα
323 2364 553 2401 διωκτέον
585 2365 639 2410 τῷ
672 2365 783 2398 νοῦν
817 2362 984 2417 ἕιχοντι.
1033 2363 1162 2397 ποίει
1194 2361 1356 2406 μέντοι
1389 2358 1575 2395 οὑτωσί·

155 2410 212 2457 μὴ
239 2407 399 2446 οἷδίκει
425 2407 471 2445 ἐν
496 2410 555 2456 τῷ
581 2406 755 2452 ἐρωτᾶν
781 2421 855 2443 κτε.

273 2468 329 2510 22)
355 2465 391 2501 οἳ
418 2461 465 2500 ἄν
491 2479 554 2510 μοι
581 2463 630 2509 μή
661 2462 803 2506 δόξωσί
824 2476 901 2503 πως
926 2459 1131 2506 ἐγκύμονες
1158 2460 1271 2502 εἶναι,
1297 2458 1412 2505 γνοὺς
1438 2456 1495 2495 ὅτι
1515 2456 1578 2495 οὐ·

157 2510 225 2547 δὲν
251 2510 343 2556 ἐμοῦ
369 2509 538 2554 δέονται,
565 2508 668 2544 πάνυ
694 2507 858 2552 εὐμενῶς
883 2509 1122 2551 προμνῶμαι,
1147 2508 1211 2541 καὶ
1240 2503 1309 2550 ξὺν
1335 2506 1415 2549 θεῷ
1443 2504 1578 2546 εἰπεῖν,

155 2553 262 2591 πάνυ
288 2555 427 2595 ἱκανῶς
453 2554 602 2598 τοπάζω
628 2553 684 2594 οἷς
710 2549 759 2588 ἂν
778 2548 1047 2597 ξυγγενόμενοι
1065 2549 1233 2594 ὅναιντο,
1258 2549 1309 2585 ὠν
1326 2547 1490 2590 πολλοὺς
1509 2548 1578 2594 μὲν

158 2600 207 2646 δή
239 2599 410 2644 ἐξέδωκα
436 2601 627 2645 Προδίκῳ,
651 2598 815 2638 πολλοὺς
840 2596 883 2632 δὲ
911 2594 1040 2638 ἄλλοις
1066 2601 1200 2640 σοφοῖς
1226 2593 1301 2632 κτέ.

273 2660 331 2696 23)
356 2656 566 2700 Simplicius
591 2655 654 2698 (ad
678 2654 798 2699 Epict.
822 2652 968 2688 Enchir.
988 2657 1043 2695 46,
1062 2655 1096 2696 2)
1122 2665 1158 2698 p.
1178 2656 1239 2686 311
1260 2651 1305 2685 B:
1333 2648 1351 2686 ὁ
1371 2647 1579 2693 Σωκράτης

159 2703 276 2737 τινῶν
311 2698 484 2745 ἀνοήτων
512 2698 630 2736 αὐτοῦ
655 2698 724 2745 μὲν
749 2694 1117 2741 καταφρονούντων,
1151 2695 1205 2732 δι’
1231 2695 1353 2731 αὐτοῦ
1380 2694 1422 2731 δὲ
1447 2696 1581 2740 βουλο-

159 2746 284 2790 μένων
316 2742 446 2786 &nom
473 2746 657 2789 συστῆναι
689 2741 782 2787 πρὸς
807 2744 1033 2785 παίδευσιν,
1065 2740 1205 2786 ἀπάγει,
1236 2738 1380 2781 αὐτοὺς
1405 2740 1470 2775 καὶ
1495 2751 1579 2774 συν·

161 2788 306 2826 ιστοὶνει
332 2794 551 2834 σοφισταῖς,
577 2784 701 2834 ὥσπερ
720 2785 951 2831 Ἱπποκράτη
977 2787 1043 2822 τὸν
1065 2783 1356 2830 Ἀπολλοδώρου,
1385 2782 1580 2828 δεηθέντα

162 2833 293 2878 αὐτοῦ,
318 2836 370 2882 τῷ
396 2831 630 2880 Πρωταγόρᾳ
658 2833 874 2877 συνέστησε.
