1907 3230
647 151 713 185 AD
738 150 929 186 PROTAG
937 150 1082 187 ORAM.
1512 154 1532 193 1
1541 154 1561 193 1

146 251 445 303 astronomiae,
476 252 747 306 geometriae,
778 251 960 292 musicae
991 251 1141 292 studiis
1165 251 1324 292 frustra
1345 251 1562 293 detentum

142 309 215 359 iri,
234 307 318 367 §ed
351 308 495 348 statim
526 310 798 361 accepturum
829 321 936 361 quae
967 307 1018 348 ad
1049 321 1114 348 res
1147 322 1277 361 quum
1308 307 1561 348 domesticas

140 367 231 405 tum
260 363 452 418 publicas
484 365 592 405 bene
623 363 980 404 administrandas
1010 363 1203 417 valeant,
1240 365 1561 417 percepturum-

140 434 221 474 que
252 421 388 460 artem
420 419 667 473 πολιτικήν.
730 419 776 460 P.
799 419 879 460 317
904 419 1105 461 (3—319
1127 421 1177 459 A.

253 475 434 516 Miratur
455 475 647 517 Socrates
669 475 928 529 singularem
951 475 1031 515 viri
1053 475 1319 529 sapientiam,
1347 474 1561 529 libereque

138 531 364 573 confitetur
403 532 454 572 de
492 532 646 572 virtute
682 532 858 585 politica
890 531 971 572 sibi
1003 545 1168 585 semper
1199 531 1258 571 ita
1289 531 1427 571 visum
1459 545 1562 585 esse,

142 590 190 629 ut
220 602 312 629 eam
343 587 536 628 doctrina
568 589 610 628 et
640 587 908 628 institutione
939 601 1027 628 non
1056 601 1179 641 posse
1206 587 1438 640 comparari
1460 587 1564 628 iudi-

141 644 310 685 caverit.
343 643 454 684 Nam
467 642 751 684 Athenienses
767 643 935 697 quidem
952 646 1076 695 certe,
1088 643 1238 697 inquit,
1252 643 1302 684 de
1316 643 1440 684 rebus
1458 657 1564 696 quae

142 700 322 741 scientia
353 703 395 740 et
425 701 514 740 arte
535 699 743 749 nituntur,
776 713 941 753 semper
968 700 1070 740 artis
1092 699 1248 752 peritos
1270 699 1314 739 in
1337 699 1562 740 consilium

138 755 361 808 adhibent3
395 754 444 796 de
475 755 526 795 iis
557 756 681 796 rebus
711 758 866 806 autem,
899 769 1004 809 quae
1025 755 1267 796 referuntur
1291 754 1343 794 ad
1364 754 1562 808 reipubli-

139 825 212 853 cae
251 811 682 861 administrationem,
723 814 890 852 tantum
928 811 1070 863 abest,
1109 814 1157 852 ut
1187 812 1323 852 certos
1355 810 1559 864 quosdam

139 868 272 918 viros,
306 867 378 920 qui
409 867 487 908 soli
521 868 622 908 artis
654 868 790 909 civilis
820 867 946 921 periti
978 868 1076 919 sint,
1110 865 1386 908 consulendos
1419 866 1562 907 existi-

137 925 277 975 ment,
324 928 371 963 ut
417 923 548 964 cuivis
594 924 762 965 dicendi
807 925 1062 977 potestatem
1106 922 1361 975 concedant,
1406 922 1562 976 quippe

138 981 338 1034 putantes
381 979 641 1033 reipublicae
686 979 988 1034 gubernandae
1035 979 1268 1020 sollertiam
1313 992 1398 1019 non
1436 992 1559 1033 posse

140 1035 319 1076 aliorum
358 1036 595 1089 comparari
635 1036 830 1078 doctrina
861 1038 902 1076 et
932 1035 1214 1077 institutione.
1277 1036 1417 1088 Atque
1449 1035 1561 1076 hanc

139 1092 398 1133 sententiam
443 1091 547 1132 illud
593 1106 759 1146 quoque
805 1091 968 1132 videtur
1006 1092 1281 1143 confirmare,
1332 1091 1444 1144 quod
1482 1090 1560 1131 filii

138 1162 399 1189 summorum
430 1148 614 1188 virorum
647 1152 690 1188 et
720 1148 765 1188 in
796 1147 1015 1201 republica
1044 1147 1384 1196 clarissimorum,
1417 1160 1562 1200 quam-

137 1204 200 1244 vis
232 1203 284 1244 ad
315 1204 399 1245 alia
430 1204 755 1258 diligentissime
776 1204 938 1244 fuerint
958 1203 1159 1254 instituti,
1192 1206 1337 1243 tamen
1360 1203 1561 1243 virtutem

137 1259 302 1300 civilem
343 1274 420 1301 nec
458 1262 628 1313 patrum
667 1274 747 1300 nec
785 1260 1088 1313 magistrorum
1125 1258 1394 1299 institutione
1428 1258 1562 1311 perci-

136 1315 262 1369 piunt
300 1318 342 1357 et
379 1329 684 1368 saepenumero
726 1315 778 1356 ab
810 1329 856 1355 ea
887 1315 1116 1368 plurimum
1148 1316 1247 1354 sunt
1276 1314 1418 1354 alieni.
1482 1313 1562 1354 His

137 1371 338 1425 expositis
372 1371 566 1413 Socrates
597 1374 721 1426 rogat
751 1371 1054 1425 Protagoram,
1094 1372 1161 1423 ut,
1196 1370 1230 1410 si
1261 1370 1360 1424 quid
1391 1369 1562 1422 habeat,

137 1441 218 1481 quo
248 1428 384 1481 possit
412 1427 523 1468 hanc
555 1426 863 1468 dubitationem
895 1427 1038 1467 animo
1071 1440 1146 1467 suo
1170 1425 1365 1476 eximere,
1397 1426 1439 1466 id
1464 1425 1563 1466 velit

137 1497 279 1525 secum
311 1484 637 1525 communicare.
699 1483 744 1524 P.
768 1483 851 1524 319
873 1485 912 1523 A
929 1507 981 1513 —
998 1483 1082 1523 320
1104 1482 1152 1524 C.

249 1539 524 1595 Protagoras,
556 1540 752 1593 precibus
775 1540 863 1580 eius
886 1539 1192 1591 satisfacturus,
1214 1551 1329 1578 more
1352 1537 1561 1591 sophista-

137 1611 231 1637 rum
272 1596 442 1651 longam
485 1595 650 1637 orditur
680 1596 928 1637 orationem.
991 1594 1105 1643 Quae
1137 1608 1220 1648 quo
1252 1593 1389 1649 magis
1421 1594 1563 1647 capiat

136 1652 405 1707 deleniatque
436 1652 700 1693 audientium
731 1652 910 1705 animos,
943 1651 1160 1692 exordium
1191 1650 1308 1691 ducit
1338 1664 1362 1690 a
1392 1649 1562 1690 fabulae

136 1709 383 1750 narratione
427 1709 480 1750 ad
524 1710 921 1761 ren1,praesentem
968 1707 1069 1748 satis
1107 1706 1245 1760 lepide
1282 1706 1560 1760 excogitatae.

139 1763 276 1812 Quum
306 1767 489 1818 tempus,
525 1764 676 1818 inquit,
709 1764 906 1815 venisset,
940 1777 1022 1816 quo
1053 1762 1200 1803 ordine
1230 1762 1414 1802 fatorum
1445 1761 1563 1801 varia

138 1821 384 1861 animalium
415 1834 573 1874 genera
605 1834 655 1860 ex
685 1820 848 1860 telluris
879 1819 1041 1873 gremio
1072 1818 1117 1859 in
1149 1817 1249 1858 solis
1281 1818 1418 1859 lucem
1439 1816 1561 1871 prod-

136 1877 266 1927 irent,
307 1876 561 1918 Prometheo
594 1879 636 1917 et
665 1875 919 1929 Epimetheo
951 1874 1032 1915 hoc
1062 1874 1248 1914 muneris
1281 1888 1305 1914 a
1335 1873 1414 1914 diis
1444 1887 1562 1914 man-

136 1933 283 1974 datum
313 1935 389 1986 est,
422 1935 469 1974 ut
499 1931 679 1986 singulis
710 1932 819 1972 vires
849 1931 1157 1984 facultatesque
1189 1944 1284 1970 suas
1304 1929 1556 1970 tribuerent.

135 1988 243 2030 Rem
284 1988 538 2030 Prometheo
577 1988 752 2029 absente
792 1987 970 2040 suscipit
1000 1985 1297 2040 Epimetheus,
1337 1988 1462 2038 atque
1502 1986 1562 2026 ita

136 2045 427 2098 administrat,
465 2047 514 2086 ut
551 2044 644 2085 aliis
676 2044 826 2097 robur,
865 2044 960 2084 aliis
990 2042 1310 2096 pernicitatem,
1350 2041 1446 2082 aliis
1479 2041 1561 2081 alia

136 2101 356 2156 largiatur,
388 2101 618 2155 prudenter
648 2100 690 2141 id
722 2114 885 2150 curans,
917 2113 970 2140 ne
1001 2098 1112 2152 quod
1134 2112 1271 2153 genus
1292 2097 1467 2138 interire
1490 2099 1564 2138 aut

137 2158 192 2198 ab
224 2157 319 2198 aliis
351 2156 480 2198 deleri
511 2156 660 2210 possit.
713 2155 794 2198 Sed
826 2157 941 2197 ecce!
974 2157 1148 2209 peracta
1178 2168 1403 2195 munerum
1425 2153 1562 2194 distri-

137 2213 311 2254 butione
342 2212 452 2254 nihil
481 2213 690 2266 reliquum
721 2212 860 2264 videt,
893 2225 976 2265 quo
1008 2224 1142 2265 genus
1173 2210 1392 2251 hominum
1425 2211 1560 2250 ornet.

137 2269 250 2311 Dum
288 2269 412 2323 inops
453 2268 621 2310 consilii
657 2268 824 2319 haeret,
865 2267 964 2321 quid
1003 2266 1245 2307 faciendum
1277 2267 1355 2319 sit,
1393 2265 1564 2306 advenit

136 2325 416 2367 Prometheus
455 2324 607 2366 virium
644 2324 982 2377 facultatumque
1020 2322 1361 2364 distributionem
1399 2322 1563 2375 inspec-

136 2385 270 2423 turus.
318 2381 442 2423 Hunc
473 2395 571 2422 vero
605 2380 728 2421 sortis
759 2380 969 2421 humanae
999 2379 1121 2420 valde
1142 2378 1368 2432 poenituit.
1415 2378 1562 2431 ltaque

138 2451 191 2479 ne
224 2451 360 2491 genus
385 2437 607 2479 hominum
628 2436 788 2477 nudum
811 2438 854 2477 et
873 2436 1032 2477 inerme
1054 2435 1376 2488 relinqueretur,
1408 2434 1563 2474 artium

138 2493 472 2535 factitandarum
511 2492 767 2547 sapientiam
805 2506 890 2533 una
930 2505 1024 2533 cum
1055 2491 1156 2546 igne
1189 2490 1380 2532 Vulcano
1411 2492 1453 2530 et
1484 2489 1562 2530 Mi-

137 2564 292 2592 nervae
324 2550 528 2604 surripuit
559 2563 734 2603 eamque
766 2547 1010 2589 hominibus
1032 2547 1250 2601 impertiit.
1303 2545 1372 2587 Sic
1394 2546 1562 2586 divinae

138 2606 266 2647 sortis
303 2607 533 2660 participes
563 2605 667 2647 facti
699 2604 860 2658 diisque
893 2604 1066 2658 cognati
1096 2606 1139 2644 et
1169 2603 1268 2644 deos
1299 2616 1390 2643 esse
1423 2601 1562 2642 crede-

138 2662 242 2703 bant
272 2677 449 2716 arasque
480 2676 528 2704 ac
551 2662 722 2702 deorum
745 2660 969 2702 simulacra
991 2659 1322 2710 constituebant,
1355 2661 1398 2699 et
1419 2671 1562 2699 vocem

139 2718 425 2760 articulabant
456 2721 498 2760 et
527 2718 730 2760 alimenta
761 2716 841 2758 sibi
861 2716 1134 2758 inveniebant
1156 2719 1197 2757 et
1217 2715 1470 2756 vestimenta
1490 2728 1562 2768 pa-

139 2775 313 2827 rabant,
362 2774 454 2825 sed,
491 2789 620 2829 quum
659 2773 843 2815 civitatis
881 2772 1138 2814 ordinandae
1178 2770 1562 2826 gubernandaeque

140 2833 231 2872 arte
262 2831 483 2872 etiamtum
514 2832 706 2872 carerent
736 2830 914 2883 ideoque
945 2829 1123 2882 dispersi
1142 2828 1402 2876 habitarent,
1436 2826 1563 2867 besti-
