1907 3230
609 131 941 168 PROTAGORAS.
970 132 1008 167 P.
1036 137 1099 169 337
1126 133 1193 170 ST.

1532 137 1610 179 125

190 239 422 287 συγγενεῖς
466 248 512 275 τε
559 234 633 275 καὶ
678 234 868 282 οἰκείους
912 234 986 274 καὶ
1030 235 1212 283 πολίτας
1250 233 1449 284 ἅπαντας
1496 233 1610 279 εἶναι

191 300 341 355 φύσει,
376 298 430 342 οὐ
460 300 601 356 νόμῳ·
635 299 682 342 τὸ
712 298 799 355 γάρ
822 299 976 354 ὅμοιον
997 303 1058 356 τῷ
1078 298 1214 357 ὁμοίῳ
1237 301 1372 355 φύσει
1394 304 1608 357 συγγενές
1634 310 1661 346 D

191 368 328 421 ἐστιν,
362 365 384 410 ὁ
418 368 466 410 δὲ
498 367 654 421 νόμος,
687 366 908 421 τύραννος
940 363 1004 408 ὢν
1035 371 1126 409 τῶν
1157 366 1433 424 ἀνθρώπων,
1465 371 1608 412 πολλοὶ

189 433 310 489 παρὰ
348 433 430 490 τὴν
469 434 609 489 φύσιν
644 434 852 488 βιάζεται.

913 428 1026 489 ἡμᾶς
1085 434 1170 476 οὐν
1200 435 1384 489 αἰσχρὸν
1415 436 1497 491 τὴν
1527 437 1610 491 μὲν

144 527 146 530 >
190 501 332 556 φύσιν
371 505 461 544 τῶν
501 501 774 555 πραγμάτων
816 501 1006 556 εἰδέναι,
1053 502 1342 556 σοφωτάτους
1384 504 1432 546 δὲ
1478 503 1611 555 ὄντας

186 570 277 610 τῶν
309 567 550 623 Ἑλλήνων,
583 568 657 609 καὶ
688 566 787 610 κατ’
821 566 929 610 αὐτὸ
962 571 1094 611 τοῦτο
1126 571 1212 611 νῦν
1244 571 1610 626 συνεληλυθότας

185 638 266 690 τῆς
295 651 342 678 τε
365 633 576 684 Ἑλλάδος
615 635 677 685 εἰς
707 632 817 677 αὐτὸ
850 633 898 677 τὸ
929 643 1203 691 πρυτανεῖον
1236 642 1313 693 τῆς
1345 641 1508 693 σοφίας
1538 641 1611 681 καὶ

185 780 342 816 Calliam
368 780 623 822 versabantur,
651 777 782 814 Graeci
807 791 859 815 es-

185 826 286 867 sent,
331 826 372 859 ut
408 835 640 859 communem
681 825 865 860 haberent

186 869 381 914 originem,
401 870 580 914 linguam,
601 869 808 912 sollemnia,
826 870 864 904 in

187 914 242 949 his
279 897 401 949 verbis
440 915 558 948 civilis
596 915 862 949 coniunctionis

186 959 414 994 Graecorum
446 959 671 994 desiderium
708 959 863 1002 aliquod

187 1004 307 1039 videri
331 1006 468 1049 posset,
494 1004 564 1039 nisi
589 1003 758 1049 sophista.
781 1004 860 1049 ipse

187 1049 234 1083 ab
260 1060 304 1084 ea
328 1049 514 1084 sententia
536 1049 648 1093 longe
673 1060 711 1084 se
729 1049 860 1084 abesse

187 1093 315 1128 statim
338 1094 525 1139 proderet.
552 1078 678 1128 Simile
698 1094 796 1128 enim
813 1094 862 1128 si-

186 1138 266 1172 mili
288 1144 443 1174 naturae
461 1138 544 1184 lege
563 1139 764 1183 cognatum
782 1149 860 1173 esse

187 1184 284 1227 vult;
322 1185 361 1218 at
399 1194 495 1227 quae
527 1186 608 1218 erat
639 1194 766 1219 eorum
797 1184 862 1227 qui

186 1211 343 1263 aderant
378 1229 463 1263 talis
503 1228 727 1262 similitudo!
785 1229 860 1263 Ali—

186 1274 329 1315 quanto
347 1273 468 1307 verius
493 1273 621 1316 illique
647 1273 770 1308 coetui
794 1283 861 1325 ap-

184 1317 259 1352 tius
277 1317 399 1352 dicere
424 1317 528 1352 licuit
553 1319 627 1353 τῶν
653 1314 859 1362 εὐτυχούν-

185 1375 259 1397 των
317 1359 461 1402 πάντες
521 1361 594 1397 εἰσὶ
665 1367 861 1406 συγγενεῖς

186 1406 860 1487 (Μο1Ἇ311ἀ1-.80111;.510);0115731).

235 1513 262 1544 1.
295 1505 504 1559 ᾇπαντας
538 1507 664 1543 εἶναι
704 1506 859 1551 φύσει,

183 1549 237 1588 οὐ
263 1550 396 1598 νόμῳ]
425 1552 479 1587 De
505 1551 728 1595 discrimine,
761 1535 861 1597 quod

185 1598 375 1649 sophistae
406 1598 503 1632 inter
534 1598 597 1642 leg
600 1609 658 1632 em
690 1600 728 1632 et
752 1599 861 1632 natu-

184 1653 264 1677 ram
283 1643 450 1679 obtinere
468 1610 693 1686 statuegbant,
714 1655 746 1677 v.
765 1653 860 1685 quae

184 1688 234 1722 ad
260 1688 373 1732 Gorg.
399 1699 434 1732 p
453 1691 519 1722 484
538 1687 566 1721 B
593 1687 861 1722 annotavimus.

190 1734 284 1767 conf.
311 1733 356 1767 de
382 1732 443 1775 leg
446 1732 546 1776 ..Xp
563 1732 676 1768 889E.
708 1732 860 1767 Theaet

184 1789 221 1822 p.
250 1781 312 1812 172
331 1778 371 1812 B.
398 1743 597 1820 Xgenoph.
624 1787 734 1812 mem.
760 1777 811 1811 IV
829 1781 860 1820 4,

189 1826 240 1857 14.
267 1822 456 1856 Alluditur
473 1821 585 1856 etiam
605 1822 664 1856 hic
681 1822 728 1856 ad
746 1823 861 1856 versi-

185 1867 306 1902 culum
336 1866 506 1901 Pindari·
547 1865 678 1911 Νόμος
710 1864 728 1901 ὁ
767 1865 862 1901 πάν-

184 1925 259 1947 των
293 1908 514 1967 βασιλεὺς
547 1913 704 1946 θνατῶν
732 1925 771 1947 τε
797 1913 861 1947 καὶ

184 1953 399 1992 ἀθανάτων
446 1954 546 2011 ἄγει
607 1957 767 1992 δικαιῶν
821 1955 862 1993 τὸ

185 1998 411 2047 βιαιότατον
432 1999 630 2058 ὑπερτάτα
651 2003 751 2045 χερί·
779 2016 861 2038 τεκ-

183 2049 372 2091 μἀιρομαι
427 2045 593 2091 ἔργοισιν
643 2046 863 2091 Ηρακλέος.

186 2091 382 2126 Boeokh.
410 2091 456 2125 ad
481 2090 579 2136 Frag
582 2102 629 2126 m.
654 2091 805 2127 Pindar.
823 2093 862 2128 T.

186 2136 221 2170 II
247 2147 281 2180 p.
309 2139 428 2179 640sq
435 2103 594 2170 .Stallgb.
620 2135 721 2174 Conf.
747 2137 862 2172 Hero-

186 2147 428 2215 dot.1113sq=
461 2178 612 2222 ὀρθῶς
644 2194 708 2235 μοι
736 2182 862 2218 δοκέει

187 2227 384 2270 Πίνδαρος
414 2225 574 2279 ποιῆσαι
611 2224 732 2276 νόμον
768 2227 863 2263 πάν-

185 2284 268 2351 Ξέἷέ
284 2269 733 2358 ἕέἓῖἶᾶἔᾳηέἒῇἱιῗῖιῖἔέ
738 2274 862 2363 11Ξὲ

185 2361 284 2395 tavit
303 2343 486 2395 Steinthal
509 2359 639 2398 Gesch
656 2361 689 2396 d.
706 2361 863 2406 Sprach-

186 2405 282 2440 wiss.
307 2406 342 2440 b.
368 2405 403 2439 d.
422 2404 568 2440 Griech.
586 2417 620 2438 11.
638 2405 801 2442 Βόῑηθτη
825 2419 861 2452 p.

186 2453 230 2485 68
244 2461 313 2493 sq.,
346 2451 380 2484 ei
410 2449 526 2494 igitur
557 2451 656 2485 haud
691 2452 862 2488 absimile

186 2497 245 2530 est
261 2494 389 2539 Talley
391 2494 499 2529 randi
523 2495 614 2530 illud
640 2496 704 2531 ‘Ce
731 2509 802 2548 que
827 2498 863 2532 la

184 2507 389 2584 politiquey
411 2540 601 2584 conseille,
648 2542 685 2576 la
726 2542 862 2587 justice

186 2585 399 2620 l’autorise'.

234 2645 264 2675 6.
313 2638 764 2684 συνεληλυθότας..
797 2643 863 2684 εἰς

188 2683 266 2721 τὸν
287 2714 294 2721 .
315 2692 471 2722 ,οἰκον
504 2686 652 2733 τόνδε]
692 2688 862 2724 Socrates

189 2731 288 2775 apud
324 2732 610 2777 Xenophontem
647 2735 778 2778 (symp.
812 2733 862 2768 lV

190 2777 248 2819 62)
263 2775 400 2812 Calliae
419 2777 615 2812 Prodicum
634 2784 670 2813 et
688 2778 863 2823 Hippiam

193 2821 469 2858 commendatos
501 2825 538 2858 et
573 2823 753 2859 adductos
785 2835 863 2859 esse

935 781 982 816 ab
1015 782 1236 817 Antisthene
1269 783 1378 827 dic-it,
1415 785 1463 819 ad
1500 796 1612 828 quem

933 826 995 861 ille
1028 838 1224 862 conversus
1257 811 1378 863 Οἶδα
1391 828 1478 874 μέν,
1521 830 1612 886 ἐᾛφη

935 871 974 906 σὲ
990 874 1164 907 Καλλίαν
1192 873 1344 908 τουτονὶ
1369 887 1612 932 προαγωγευ-

933 928 1054 951 σαντα
1085 916 1137 964 τῷ
1169 921 1274 966 σοφῷ
1298 920 1507 974 Προδίκῳ,
1548 918 1612 956 ότε

934 958 1053 1018 ἑώρας
1090 954 1227 997 τοῦτον
1268 976 1337 1007 μεν
1375 967 1611 1019 φιλοσοφίας

933 1003 1100 1059 ἐρῶντα,
1135 1004 1285 1043 ἐκεῖνον
1324 1006 1367 1043 δε
1409 1009 1611 1067 χρημάτων

927 1033 1138 1106 δεόμενον·
1164 1051 1254 1087 οἶδα
1281 1054 1323 1088 δέ
1349 1065 1388 1089 σε
1419 1057 1541 1091 Ιππία
1560 1070 1610 1109 τῳ

927 1093 1083 1142 ”Ηλειῳ,
1121 1094 1214 1153 παρ’
1247 1097 1292 1133 οὑ
1325 1111 1435 1140 ουτος
1466 1114 1531 1135 και
1568 1098 1610 1137 τὸ

930 1139 1170 1186 μνημονικὸν
1196 1141 1358 1187 ἔμαθεν

977 1213 1009 1243 7.
1035 1210 1136 1262 τῆς
1185 1222 1230 1244 τε
1274 1206 1494 1253 Ελλάδος
1544 1213 1611 1254 εἰς

932 1250 1045 1288 αὐτὸ
1087 1251 1136 1288 τὸ
1177 1258 1480 1306 πρυτανεῖον]
1520 1258 1612 1309 Hip-

931 1298 1012 1342 pias
1049 1298 1160 1332 homo
1198 1299 1384 1343 sapientia
1414 1313 1481 1337 sua
1511 1303 1610 1337 miri-

932 1343 1000 1377 fice
1027 1343 1175 1378 inflatus
1201 1344 1387 1388 sophistas
1411 1347 1606 1391 praedicat

931 1388 1112 1438 tanquam
1127 1389 1290 1423 omnium
1307 1389 1533 1426 Graecorum
1552 1403 1610 1427 sa

929 1432 1194 1487 pientissimos,
1212 1444 1329 1478 eaque
1343 1436 1426 1479 ipsa
1439 1437 1484 1471 de
1501 1448 1611 1472 causa

930 1473 1030 1520 (κατ’
1061 1474 1154 1512 αὐτὸ
1181 1480 1308 1522 τοῦτο)
1327 1491 1366 1514 se
1391 1481 1610 1532 familiares-

930 1533 1003 1565 que
1029 1533 1112 1557 suos
1136 1522 1228 1557 dicit
1251 1524 1288 1558 in
1312 1524 1408 1560 hano
1426 1526 1534 1569 quasi
1552 1538 1610 1562 sa-

930 1578 1030 1602 cram
1055 1567 1181 1601 sedem
1207 1569 1343 1603 artium
1367 1580 1410 1605 30
1427 1571 1611 1608 doctrina

931 1624 1031 1655 rum,
1058 1612 1093 1646 h.
1120 1622 1150 1649 e.
1175 1613 1360 1665 Athenas,
1395 1617 1609 1652 convenisse

931 1659 1045 1700 atque
1078 1657 1117 1691 in
1148 1657 1256 1692 huius
1281 1659 1395 1703 ipsius
1419 1661 1521 1696 urbis
1546 1662 1611 1697 flo-

931 1702 1144 1736 rentissima
1173 1702 1466 1748 beatissimaque
1499 1706 1609 1742 domo

932 1747 1164 1781 commorari.
1201 1747 1435 1792 Prytanea
1459 1751 1612 1786 fuerunt

931 1791 1100 1826 aedificia
1126 1791 1261 1827 Vestae
1287 1804 1408 1837 sacra,
1443 1796 1481 1829 in
1507 1797 1610 1831 cuius

932 1836 1111 1871 honorem
1128 1838 1331 1881 perpetuus
1355 1821 1409 1873 ibi
1433 1840 1529 1884 ignis
1554 1842 1610 1876 fo-

934 1881 1104 1916 vehatur.
1132 1882 1353 1917 Huiusmodi
1370 1886 1581 1928 prytanea
1570 1898 1609 1921 in

932 1926 1102 1960 omnibus
1120 1926 1297 1962 Graeciae
1316 1929 1468 1964 urbibus
1493 1932 1610 1969 erant.

933 1982 966 2004 v.
987 1971 1236 2006 Casaubon.
1262 1973 1310 2007 ad
1334 1974 1468 2012 Athen
1487 1975 1608 2021 XVp.
1657 2010 1672 2023 ,

933 2019 998 2050 700
1023 2016 1066 2050 D.
1093 2016 1220 2051 Stallb.
1246 2017 1381 2053 Athen.
1407 2031 1442 2064 p.
1470 2024 1533 2055 187
1558 2021 1608 2056 D.

934 2058 1005 2104 τὴν
1042 2057 1256 2106 Ἀθηναίων
1295 2063 1419 2117 πόλιν,
1460 2063 1500 2100 τὸ
1542 2068 1609 2108 τῆς

927 2103 1110 2146 Ἑλλάδος
1142 2111 1350 2161 μουσεῖον,
1389 2105 1436 2154 ἣν
1479 2109 1498 2145 ὁ
1540 2124 1610 2153 μεν

934 2148 1151 2194 Πίνδαρος
1156 2151 1359 2193 Ελλάδος’
1346 2153 1501 2213 ε’ρεισμα
1520 2155 1608 2212 ἔφη,

935 2197 1181 2254 Θουκυδίδης
1213 2194 1250 2231 δ’
1286 2195 1326 2232 ἐν
1360 2200 1411 2246 τῷ
1446 2199 1500 2241 εἰς
1534 2200 1608 2236 Εὐ-

928 2241 1091 2294 ριπίδην
1132 2236 1394 2299 ἐπιγράμματι
1427 2242 1609 2286 Ελλάδος

928 2282 1104 2329 Ελλάδα,
1143 2299 1162 2321 ο
1201 2288 1244 2322 δε
1285 2287 1438 2330 Πύθιος
1478 2287 1608 2326 ἕστιάν

933 2330 998 2365 καὶ
1035 2336 1266 2375 πρυτανεῖον
1303 2335 1375 2368 τῶν
1405 2332 1611 2380 Ελλήνων.

934 2375 978 2412 cf.
1013 2375 1113 2411 idem
1143 2388 1181 2420 p.
1215 2381 1281 2413 254
1306 2378 1347 2413 B.
1390 2379 1532 2414 Aelian.
1566 2381 1608 2415 V.

933 2419 978 2453 H.
997 2419 1047 2454 IV
1067 2425 1097 2456 6.
1122 2421 1234 2457 Thuc.
1261 2423 1295 2456 Π
1320 2428 1374 2459 41.
1399 2425 1526 2469 Magni
1544 2437 1608 2460 au-

931 2466 1008 2499 tem
1048 2466 1294 2502 Athenienses
1333 2468 1429 2503 tales
1479 2470 1608 2505 laudes

931 2509 1492 2571 fecerunt,v.1socrat.15,15(}:
1514 2517 1608 2550 Πιν-

934 2556 1068 2608 δαρον
1077 2555 1142 2591 τὸν
1169 2570 1349 2614 ποιητην
1357 2558 1395 2593 οἱ
1411 2560 1481 2602 πρὸ
1501 2558 1607 2618 ἡμῶν

933 2598 1132 2655 γεγονότες
1165 2615 1262 2656 υπερ
1290 2601 1374 2648 ενὸς
1398 2603 1518 2661 μόνον
1545 2603 1608 2649 ρή-

933 2658 1068 2700 ματος,
1107 2643 1166 2681 ὅτι
1203 2646 1272 2701 τὴν
1308 2642 1420 2683 πόλιν
1453 2647 1608 2704 ἔρεισμα

933 2691 1000 2746 τῆς
1030 2688 1214 2743 Ελλάδρς
1246 2688 1453 2737 ὠνόμασεν,
1489 2708 1608 2735 ουτως

934 2732 1115 2790 ἐτίμῃσαν
1162 2731 1256 2773 ὥστε
1305 2740 1370 2773 καὶ
1406 2736 1606 2792 πρόξενον

933 2778 1175 2834 ποιησασθαι
1201 2785 1266 2817 και
1294 2781 1442 2828 δωρεὰν
1468 2786 1607 2829 μυρίας

934 2821 1039 2873 αὐτῷ
1064 2827 1202 2862 δοῦναι
1229 2829 1411 2874 δραχμάς.
