1939 3214
363 138 415 179 12
879 134 1246 171 PROLEGOMENA

360 252 479 280 arum
516 237 692 291 impetui
730 236 913 290 impares
954 236 1106 277 misere
1144 235 1196 276 ab
1235 235 1286 276 iis
1326 234 1518 276 dilaniati
1548 236 1781 290 perierunt.

361 294 512 348 Itaque
550 293 687 334 mutui
726 293 871 333 auxilii
911 292 1051 346 gratia
1093 291 1374 332 condiderunt
1404 291 1627 333 societates
1658 295 1784 346 atque

361 351 500 400 urbes,
533 363 615 403 quo
645 349 833 389 ferarum
865 350 1058 389 arcerent
1090 347 1391 389 crudelitatem.
1448 347 1508 388 At
1537 348 1649 389 enim
1679 349 1784 389 haec

360 421 426 447 res
458 405 620 446 nullam
650 405 701 445 iis
734 404 878 445 attulit
908 404 1100 444 salutem.
1161 403 1275 444 Nam
1305 403 1374 443 vix
1408 403 1621 457 coierunt,
1654 418 1784 458 quum

361 461 575 503 intestinis
608 461 732 502 bellis
763 460 903 501 subito
935 460 1091 501 coortis
1122 473 1266 500 rursus
1292 459 1554 512 dissipantur
1574 473 1624 500 ac
1645 459 1782 500 denuo

361 518 568 572 pristinae
588 517 788 557 fortunae
811 515 1050 556 crudelitati
1071 515 1344 556 obiiciuntur.
1390 514 1498 555 Tum
1519 529 1618 556 vero
1640 515 1785 556 Iovem

360 574 501 628 tangit
540 573 709 626 generis
749 571 923 612 humani
960 571 1264 612 misericordia.
1324 571 1391 612 Ne
1429 571 1562 626 igitur
1590 570 1784 612 funditus

360 629 467 670 illud
498 629 720 681 deleretur,
754 627 1012 668 Mercurium
1041 627 1086 667 in
1115 629 1252 668 terras
1277 626 1457 680 demisit,
1490 627 1561 681 qui
1583 627 1686 667 feris
1707 627 1783 667 ho-

360 685 526 726 minum
564 684 807 738 pectoribus
846 683 1051 724 iustitiam
1089 685 1130 723 et
1168 682 1372 736 pudorem
1403 683 1611 724 iniicerct.
1670 681 1786 723 Hinc

362 755 482 794 vero,
514 741 576 781 ita
605 741 747 794 pergit
778 739 1048 794 Protagoram,
1080 738 1181 780 hinc
1212 739 1372 780 factum
1402 742 1479 791 est,
1511 741 1560 780 ut
1589 739 1784 779 homines

362 799 489 838 antea
520 796 700 850 dispersi
731 795 964 837 conderent
993 795 1118 835 urbes
1150 797 1192 836 et
1223 795 1434 845 civitates,
1468 795 1686 849 civilisque
1718 808 1783 836 so·

364 853 529 895 cietatis
568 853 748 893 vinculis
787 851 1004 892 coniuncti
1042 851 1184 892 vivere
1224 851 1474 904 inciperent.
1536 851 1786 905 Intelligen-

361 909 459 950 dum
491 911 556 949 est
584 909 729 963 igitur,
762 922 892 962 quum
922 908 1003 948 hac
1034 907 1199 948 ratione
1230 921 1377 948 omnes
1408 907 1568 960 pariter
1597 907 1786 948 iustitiae

363 968 404 1006 et
435 964 607 1019 pudoris
639 964 866 1018 participes
896 963 999 1004 facti
1031 964 1136 1016 sint,
1167 966 1281 1004 recte
1311 963 1451 1004 facere
1482 963 1784 1015 Athenienses,

362 1021 472 1075 quod
501 1022 548 1061 in
578 1021 758 1074 publicis
791 1019 1064 1061 contionibus
1096 1020 1147 1060 de
1179 1020 1362 1060 civitatis
1383 1019 1694 1073 gubernatione
1717 1018 1788 1059 de—

361 1077 593 1117 liberantes
635 1077 766 1117 cuivis
806 1076 908 1116 dant
936 1077 1189 1128 potestatem
1222 1076 1459 1116 sententiae
1490 1088 1590 1116 suae
1619 1074 1789 1128 publice

363 1133 579 1174 dicendae.
639 1132 687 1173 P.
711 1131 795 1173 320
817 1131 849 1172 C
867 1156 921 1160 ——
939 1131 1021 1172 323
1046 1130 1093 1173 O.

472 1188 568 1229 Hoc
606 1190 750 1229 autem
780 1187 882 1228 iusti
913 1201 1040 1228 sensu
1071 1186 1348 1240 aequabiliter
1380 1186 1606 1227 distributo
1638 1200 1787 1227 omnes

361 1247 532 1285 tantum
570 1244 710 1285 idonei
752 1246 852 1284 sunt
890 1244 942 1283 ad
982 1244 1182 1283 virtutem
1220 1242 1439 1296 politicam
1469 1242 1787 1296 adipiscendam

362 1315 442 1342 nec
465 1300 749 1341 Athenienses
781 1300 1042 1340 arbitrantur
1071 1299 1183 1340 hanc
1209 1299 1410 1340 virtutem
1431 1299 1566 1352 ipsam
1590 1299 1788 1352 cuiquam

364 1371 464 1398 casu
494 1356 561 1397 vel
591 1358 746 1397 natura
779 1356 1046 1409 contingere,
1078 1355 1150 1395 sed
1182 1354 1303 1395 illum
1334 1368 1505 1395 sensum
1534 1355 1672 1409 magis
1703 1368 1788 1395 ma-

365 1413 513 1467 gisque
546 1412 817 1453 excitandum
850 1414 892 1452 et
923 1410 1200 1452 excolendum
1223 1424 1311 1451 esse
1334 1412 1377 1451 et
1397 1410 1600 1451 virtutem
1621 1423 1787 1464 compa-

364 1469 545 1509 randam
584 1468 879 1521 institutione,
927 1467 1170 1520 disciplina,
1213 1467 1538 1520 exercitatione,
1578 1469 1626 1507 ut
1663 1466 1789 1520 plane

362 1539 528 1565 mecum
570 1524 854 1566 consentiant.
917 1522 1205 1577 Cognoscitur
1241 1522 1323 1563 hoc
1359 1536 1409 1563 ex
1441 1536 1584 1563 eorum
1617 1536 1790 1563 consue-

363 1581 513 1622 tudine
545 1581 784 1634 castigandi
807 1582 849 1620 et
869 1578 1148 1633 puniendi.24)
1179 1578 1350 1619 Etenim
1373 1579 1444 1632 qui
1465 1581 1643 1619 naturae
1665 1578 1790 1633 culpa

355 1637 412 1678 ‘in
444 1651 488 1678 se
518 1636 649 1677 habet
678 1636 1010 1690 turpitudinem,
1043 1649 1137 1675 eum
1167 1637 1336 1675 tantum
1368 1635 1487 1675 abest
1515 1637 1563 1676 ut
1593 1635 1788 1688 puniant,

366 1696 414 1734 ut
445 1707 592 1733 omnes
623 1692 721 1733 talis
752 1693 946 1732 fortunae
978 1691 1194 1743 misereat3
1226 1691 1261 1731 si
1277 1691 1386 1744 ,quis
1418 1693 1560 1731 autem
1591 1690 1706 1731 vitiis
1727 1691 1787 1731 la-

362 1749 506 1802 borat,
546 1763 653 1802 quae
693 1763 717 1788 a
755 1748 948 1789 socordia
986 1750 1058 1788 aut
1086 1747 1241 1788 inertia
1269 1746 1613 1800 proficiscuntur,
1654 1746 1789 1800 iisque

365 1805 468 1845 alios
513 1804 666 1856 laedit,
714 1818 808 1844 eum
854 1818 953 1845 vero
999 1803 1212 1857 castigant
1250 1817 1298 1843 ac
1335 1802 1600 1856 gravissimis
1639 1803 1789 1856 poenis

365 1861 582 1912 afficiunt,
614 1861 740 1914 idque
770 1874 857 1901 non
888 1860 971 1901 alio
1005 1859 1197 1911 consilio,
1229 1859 1313 1899 nisi
1344 1861 1392 1899 ut
1421 1858 1603 1899 malefici
1633 1859 1685 1899 ad
1719 1858 1789 1899 bo-

364 1931 465 1957 nam
503 1916 673 1971 frugem
703 1919 976 1969 revocentur,
1015 1916 1143 1956 ceteri
1175 1917 1316 1955 autem
1347 1914 1397 1955 de
1428 1915 1543 1955 vitiis
1573 1914 1789 1968 fugiendis

365 1972 687 2014 admoneantur.
748 1972 793 2012 P.
817 1972 899 2013 323
923 1971 955 2012 C
975 1996 1023 2001 -
1043 1971 1126 2012 324
1151 1970 1198 2011 D.

478 2028 570 2069 Iam
603 2028 653 2068 ad
685 2027 994 2068 dubitationem
1025 2028 1074 2068 de
1104 2026 1203 2067 filiis
1235 2040 1494 2067 summorum
1525 2026 1712 2067 virorum
1743 2028 1790 2066 ut

364 2084 541 2125 Periclis
587 2083 830 2124 diluendam
868 2084 1035 2125 transit.
1097 2082 1256 2124 Omnes
1293 2082 1582 2123 Athenienses
1622 2083 1790 2123 credere

366 2141 568 2181 virtutem
609 2140 747 2181 doceri
787 2154 910 2194 posse
950 2140 1286 2180 demonstratum
1326 2140 1390 2179 est
1420 2140 1547 2192 atque
1578 2138 1789 2179 communi

366 2196 594 2237 hominum
627 2197 903 2237 consensione
934 2196 1008 2236 illa
1038 2195 1235 2236 omnibus
1258 2194 1419 2235 civibus
1440 2196 1528 2235 tam
1550 2194 1788 2235 necessaria

369 2252 599 2303 iudicatur,
637 2255 684 2293 ut
721 2253 812 2293 sine
851 2266 900 2293 ea
939 2251 1176 2305 respublica
1212 2253 1325 2291 stare
1364 2264 1487 2304 posse
1517 2250 1634 2290 nullo
1666 2252 1789 2303 pacto

367 2308 580 2359 videatur,
624 2322 751 2362 quare
783 2309 1021 2361 quicunque
1053 2322 1145 2348 eam
1176 2321 1265 2348 non
1295 2306 1388 2347 vult
1417 2320 1623 2358 exercere,
1655 2319 1704 2346 ex
1735 2307 1790 2347 ci-

368 2364 503 2405 vitate
536 2364 702 2405 eiicitur
730 2367 805 2404 aut
834 2364 1098 2404 interficitur.
1145 2362 1260 2411 Quae
1291 2377 1420 2417 quum
1449 2362 1510 2402 ita
1540 2362 1639 2414 sint,
1671 2361 1788 2402 nullo

367 2420 492 2461 modo
523 2434 668 2460 verum
700 2434 790 2461 esse
822 2421 964 2473 potest
994 2434 1179 2461 summos
1209 2419 1336 2470 viros,
1367 2418 1440 2471 qui
1472 2418 1518 2458 in
1549 2418 1642 2459 aliis
1665 2418 1789 2459 rebus

373 2476 484 2517 filios
523 2490 619 2516 suos
659 2476 909 2517 erudiendos
942 2479 1110 2528 curent,
1151 2475 1204 2516 ad
1234 2475 1456 2527 virtutem,
1496 2474 1613 2515 cuius
1643 2488 1789 2515 omnes

369 2533 480 2573 cives
511 2532 739 2586 participes
772 2546 862 2573 esse
894 2534 1074 2585 oportet,
1108 2545 1178 2572 eos
1208 2544 1294 2571 non
1324 2530 1558 2571 instituere.
1604 2529 1714 2571 Non·
1730 2530 1790 2570 ita

367 2602 433 2629 res
472 2602 515 2629 se
553 2588 699 2637 habet,
747 2588 820 2629 sed
856 2588 1056 2629 universa
1094 2586 1286 2628 educatio
1326 2600 1453 2640 quum
1491 2586 1660 2640 privata
1698 2588 1789 2626 tum

483 2733 540 2774 24)
565 2731 650 2767 Vid.
674 2732 816 2766 Arnold
840 2731 982 2766 Ekker:
1010 2731 1203 2777 Specimcn
1228 2729 1265 2764 in
1290 2730 1517 2775 Protagorae
1543 2729 1643 2774 apud
1659 2729 1788 2764 Plato—

366 2787 453 2811 nem
478 2776 643 2811 fabulam
663 2776 707 2810 de
721 2777 956 2813 Prometheo.
989 2776 1152 2811 Traiecti
1170 2776 1217 2809 ad
1231 2775 1348 2810 Rhen.
1368 2779 1465 2815 1822,
1492 2776 1529 2809 et
1541 2774 1609 2809 Ad.
1627 2774 1788 2808 Wester-

366 2832 513 2866 maycr:
539 2821 616 2856 Der
640 2821 790 2864 Mythus
816 2821 853 2854 in
878 2821 1004 2856 Platos
1029 2821 1256 2865 Protagoras
1282 2831 1317 2863 p.
1343 2824 1397 2854 29.
1435 2819 1637 2863 Nfirnberg
1665 2823 1763 2855 1877.
