1907 3230
555 170 890 207 PROTAGORAS.
916 170 955 204 P.
981 173 1045 205 348
1072 169 1138 207 ST.
1473 171 1551 213 157

136 273 239 322 τούς
277 273 324 315 οἱ
359 275 518 315 πολλοὶ
559 273 610 315 ἐν
647 279 739 321 τοῖς
776 271 928 325 λόγοις
965 272 1010 313 015
1043 271 1126 324 μὲν
1162 267 1303 311 ταῦτά
1333 281 1443 323 φασι
1474 269 1552 312 τὸν

136 339 324 395 ποιητὴν
345 347 484 394 νοεῖν,
515 340 562 381 οἱ
579 338 622 380 δ’
654 338 797 392 ἕτερα,
829 337 931 390 περὶ
951 336 1208 391 πράγματος
1227 336 1550 391 διαλεγόμενοι,

137 405 163 449 ὃ
192 406 498 449 ἀδυνατοῦσιν
530 405 770 459 ἐξελέγξαι·
804 403 916 446 ἄλλα
946 403 1022 454 τὰς
1052 405 1134 458 μὲν
1155 404 1363 453 τοιαύτας
1383 414 1552 445 συνου-

136 475 235 523 σίας
266 474 372 516 ε’ὦσι
403 476 588 528 χαίρειν,
621 470 748 514 αὐτοὶ
779 471 824 513 δ’
861 471 1035 520 ἑαυτοῖς
1065 471 1239 512 σύνεισι
1269 469 1327 511 δι’
1363 470 1550 523 ἑαυτῶν,
1577 483 1643 516 348

92 555 109 582 5
133 540 183 582 ἐν
212 548 305 590 τοῖς
335 541 507 583 ἑαυτῶν
538 536 686 593 λόγοις
716 546 878 594 πεῖραν
908 538 1118 593 ἀλλήλων
1149 538 1450 591 λαμβάνοντες
1480 537 1554 579 καὶ

133 608 349 657 διδόντες.
394 606 500 657 τούς
519 606 751 656 τοιούτους
770 622 845 661 μοι
866 607 995 648 δοκεῖ
1021 609 1182 660 χρῆναι
1212 607 1384 658 μᾶλλον
1413 611 1554 659 μιμεῖ-

134 679 242 716 σθαι
281 675 362 729 ἐμέ
395 689 442 716 τε
471 672 544 716 καὶ
576 674 645 725 σέ,
677 674 1011 726 καταθεμένους
1040 671 1147 721 τους
1178 671 1361 726 ποιητὰς
1391 670 1555 722 αὐτοὺς

135 741 194 783 δι’
230 740 357 796 ἡμῶν
397 740 548 783 αὐτῶν
586 739 698 795 πρὸς
727 739 950 794 ἀλλήλους
979 738 1084 789 τούς
1115 738 1278 792 λόγους
1307 744 1552 793 ποιεῖσθαι,

134 811 211 863 τῆς
255 807 468 863 ἀληθείας
514 809 588 849 καὶ
637 806 766 862 ἡμῶν
816 805 967 848 αὐτῶν
1016 813 1179 860 πεῖραν
1229 806 1552 860 λαμβάνοντας.

81 892 113 918 10
135 873 224 917 xo'c'v
261 876 345 929 μὲν
379 876 523 929 βούλῃ
562 876 626 916 ἔτι
666 875 854 929 ἐρωτᾶν,
895 874 1068 927 ἕτοιμός
1106 875 1197 927 εἰμί
1234 885 1306 914 σοι
1344 873 1555 927 παρέχειν

133 942 508 997 ἀποκρινόμενοςι
549 942 627 984 ἐὰν
665 942 714 984 δὲ
753 940 919 996 βούλῃ,
963 938 1019 982 σύ
1051 941 1148 995 ἐμοὶ
1179 940 1420 995 παράσχες,
1453 939 1556 994 περὶ

134 1003 198 1051 ὦν
235 1010 399 1065 μεταξὺ
438 1009 732 1064 ἐπαυσάμεθα
773 1008 1032 1061 διεξιόντες,
1072 1007 1248 1057 τούτοις
1285 1009 1410 1056 τέλος
1455 1007 1556 1049 ἐπι-

133 1081 295 1122 θεῖναι,

246 1145 468 1198 Λέγοντος
499 1139 583 1186 οὖν
615 1143 725 1198 ἐμοῦ
756 1145 895 1184 ταῦτα
927 1143 1001 1183 καὶ
1039 1145 1225 1184 τοιαῦτα
1264 1139 1377 1182 ἄλλα
1417 1139 1554 1182 οὐδὲν
1577 1157 1607 1192 Β

50 1250 57 1259 s,
81 1227 115 1253 15
139 1210 360 1265 άπεσάφει
401 1208 423 1252 ὁ
455 1212 784 1264 Πρωταγόρας,
824 1208 1014 1262 ὁπότερα
1055 1209 1247 1262 ποιήσοι.
1310 1205 1435 1250 εἶπεν
1471 1201 1556 1249 οὖν

136 1277 159 1320 ὁ
205 1277 492 1332 Ἀλκιβιάδης
528 1276 641 1331 πρὸς
675 1275 755 1319 τὸν
791 1279 996 1318 Καλλίαν
1039 1277 1229 1330 βλέψας,
1270 1268 1324 1316 Ὦ.
1364 1277 1554 1328 Καλλία,

136 1347 262 1387 δοκεῖ
289 1355 376 1397 σοι,
409 1346 510 1399 ἔφη,
544 1345 618 1386 καὶ
649 1347 735 1386 νῦν
765 1346 912 1392 καλῶς
942 1343 1247 1397 Πρωταγόρας
1277 1350 1439 1395 ποιεῖν,
1473 1340 1556 1384 οὐκ

137 1414 310 1455 ἐθέλων
349 1416 435 1453 εἴτε
473 1413 608 1453 δώσει
647 1411 784 1464 λόγον
823 1414 910 1452 εἴτε
947 1409 1005 1464 μή
1039 1411 1299 1464 διασαφεῖν;
1343 1409 1439 1464 ἐμοὶ
1471 1408 1557 1463 γὰρ

136 1478 192 1522 οὐ
212 1480 347 1523 δοκεῖ.
394 1477 492 1521 ἀλλ’
521 1478 619 1534 ἤτοι
641 1479 918 1532 διαλεγέσθω
949 1477 978 1533 ἢ
1010 1477 1166 1519 εἰπέτω
1199 1475 1265 1518 ὅτι
1295 1475 1379 1518 οὐκ
1410 1476 1558 1518 ἐθέλει

83 1562 117 1588 20
140 1547 450 1601 διαλέγεσθαι,
481 1547 557 1588 ἵνα
587 1545 730 1601 τούτῳ
760 1546 843 1598 μὲν
873 1547 1012 1587 ταῦτα
1043 1545 1338 1599 συνειδῶμεν,
1371 1545 1556 1596 Σωκρά-

135 1630 213 1669 της
242 1613 292 1656 δὲ
322 1611 441 1669 ἄλλῳ
472 1630 532 1670 τῳ
565 1614 836 1667 διαλέγηται,
874 1609 903 1666 ἢ
933 1610 1066 1661 ἄλλος
1103 1610 1224 1660 ὅστις
1254 1608 1309 1654 ἄν
1339 1612 1558 1665 βούληται
1584 1628 1609 1664 C

137 1681 276 1737 ἄλλῳ.
329 1681 418 1722 Καὶ
449 1681 471 1723 ὁ
503 1680 807 1734 Πρωταγόρας
837 1681 1112 1733 αἰσχυνθείς,
1145 1677 1205 1728 ὥς
1233 1678 1288 1732 γέ
1313 1693 1388 1733 μοι
1418 1677 1556 1731 ἔδοξε,

137 1751 217 1791 τοῦ
247 1765 294 1791 τε
320 1747 608 1803 Ἀλκιβιάδου
638 1750 779 1789 ταῦτα
801 1745 1010 1800 λέγοντος
1032 1746 1106 1787 καὶ
1127 1747 1208 1787 τοῦ
1228 1747 1432 1786 Καλλίου
1455 1746 1557 1787 δεο-

251 1888 281 1918 3.
319 1879 343 1918 δ’
372 1883 411 1917 in
441 1882 509 1916 BT
541 1882 784 1922 desideratur,
816 1881 881 1916 sed
907 1880 1105 1915 exhibetur
1141 1880 1286 1914 duobus
1321 1879 1559 1923 apographis,

139 1927 240 1962 aliud
271 1928 388 1962 habet
417 1921 476 1970 οὖ,
510 1927 610 1970 quod
641 1926 790 1961 Bekker
821 1926 974 1970 recepit.

1060 1929 1115 1959 22.
1147 1920 1204 1964 ὥς
1225 1923 1284 1974 ’γέ
1315 1937 1402 1975 μοι’,
1424 1923 1558 1967 ἔδοξε

139 1973 302 2008 Socratis
327 1983 507 2016 personae
533 1972 675 2016 optime
692 1970 895 2016 respondet
918 1972 956 2005 et
979 1970 1147 2004 firmatur
1163 1970 1348 2012 scriptura.
1372 1981 1467 2004 ωστε
1494 1982 1557 2014 μοι

138 2016 177 2051 in
201 2017 248 2060 B;
274 2015 323 2058 ὥς
349 2013 385 2061 γ’
414 2014 497 2062 ἐμοὶ
523 2016 553 2050 Τ
580 2018 617 2051 et
642 2015 795 2052 Schanz.
820 2015 916 2051 conf.
944 2015 991 2049 ad
1015 2025 1050 2058 p.
1077 2019 1141 2049 342
1159 2016 1202 2048 A.

192 2143 222 2174 7.
273 2139 632 2184 καταθεμένους
663 2164 706 2168 -
738 2138 812 2174 λά·-

140 2197 248 2229 γους
294 2184 563 2229 ποιεῖσθαι]
605 2184 706 2219 Haec
746 2195 814 2229 per

139 2229 365 2274 epexegesin
406 2229 535 2263 addita
574 2230 669 2263 sunt.
709 2240 744 2265 v.
778 2240 813 2273 p.

138 2275 449 2363 34ῗΟΡέτοιμός
484 2318 672 2368 εἰμίὶσοι
703 2330 815 2369 παρ·

141 2364 158 2399 ε’
169 2378 189 2414 26
200 2377 215 2399 ε
227 2365 282 2409 ιν]
299 2364 488 2414 παρέχειν.
498 2364 531 2397 h.
541 2364 566 2398 l.
582 2364 815 2413 intraneitlve

142 2409 300 2452 dictum,
325 2421 395 2443 usu
420 2411 509 2443 satls
534 2409 737 2451 frequenti,
770 2408 816 2442 de

141 2452 816 2548 2133„{itassesstz-rffffassffcz}·1135:

141 2543 268 2622 33¹⁵&
279 2544 394 2623 ἓέὲἶὲ
408 2544 718 2623 Ἑῒέἓέἐοὲῗῗὲῖ
735 2542 815 2621 112⁰?

141 2633 258 2668 mich
282 2633 585 2677 herzugeben.
610 2632 736 2682 δίαζῑό.
763 2612 770 2621 ·
808 2613 815 2621 ⁸

171 2682 244 2728 ‚1¹2
274 2675 354 2714 ἐάν
386 2676 434 2713 δὲ
467 2676 625 2723 βούλῃ]
660 2689 715 2711 sm
740 2688 814 2711 ma-

143 2733 211 2764 vis,
234 2724 302 2761 int.
328 2727 551 2766 παρασχεῖν.

189 2771 243 2803 20.
276 2769 354 2802 ἵνα
385 2768 531 2814 τούτῳ
562 2766 645 2812 μὲν
672 2768 815 2801 ταῦτα

484 2815 532 2847 ut
563 2813 615 2847 de
649 2822 697 2847 eo
733 2812 817 2846 hoc

465 2857 622 2893 haedon.
646 2869 681 2902 p.
708 2862 749 2891 92
774 2856 815 2890 D.

145 2814 433 2861 ovjvstfflcbusv

144 2867 347 2892 seiamus.
377 2869 409 2894 V.

882 2138 1052 2218 ,SSynilliaos'
1077 2149 1110 2182 p.
1141 2142 1204 2172 193
1228 2137 1257 2171 E
1282 2137 1408 2181 ibique
1434 2138 1559 2172 annot.

910 2187 949 2218 ta
1004 2213 1011 2219 .

929 2233 983 2263 23.
1025 2228 1105 2262 τοῦ
1146 2228 1355 2262 Καλλίου
1397 2227 1559 2271 δεομέ-

884 2285 969 2307 νου
993 2273 1049 2316 -—]
1090 2271 1240 2306 Callia
1282 2273 1474 2316 rogante
1512 2282 1561 2307 ac

886 2317 1081 2360 reliquis
1104 2317 1199 2351 fere
1225 2316 1444 2351 omnibus.
1468 2317 1561 2352 Ver-

885 2363 941 2396 bis
973 2362 1010 2397 οἷ
1039 2359 1147 2396 ἄλλοι
1186 2359 1222 2396 οἱ
1257 2357 1445 2404 παρόντες
1479 2363 1562 2396 tota

887 2407 961 2441 alia
974 2406 1176 2441 multitudo
1195 2406 1437 2450 significatur,
1464 2417 1560 2448 quae

884 2454 1034 2496 praeter
1070 2451 1303 2486 Alcibiadem
1336 2453 1373 2485 et
1404 2450 1562 2486 Calliam

885 2497 1114 2542 Protagorae
1140 2498 1177 2530 et
1195 2496 1356 2530 Socratis
1377 2495 1560 2538 colloquio

885 2542 1075 2583 intererat,
1101 2553 1134 2575 v,
1154 2540 1300 2583 Kriiger
1325 2541 1385 2576 Gr.
1405 2545 1457 2575 50.
1475 2545 1507 2582 4,
1526 2545 1560 2575 9.

887 2584 1027 2630 σχεδόν
1053 2600 1100 2629 τι,
1126 2587 1170 2619 ut
1194 2585 1362 2620 omnibus
1379 2585 1481 2628 locis,
1508 2585 1563 2620 ita

886 2631 945 2665 hie
970 2630 1216 2676 restringendi
1241 2630 1313 2664 vim
1338 2630 1463 2672 habet,
1487 2640 1561 2664 non

887 2675 1096 2711 affirmandi
1122 2677 1186 2710 aut
1203 2675 1378 2719 augendi,
1404 2675 1438 2709 id
1460 2675 1560 2719 quod

886 2721 1013 2755 Astius
1053 2721 1184 2755 voluit.
1250 2720 1395 2754 Dicitur
1436 2721 1563 2754 autem

887 2766 1006 2800 multo
1037 2765 1185 2810 saepius
1216 2764 1353 2808 σχεδόν
1382 2779 1418 2800 τι
1450 2776 1562 2808 quam

886 2810 1105 2866 simpliciter
1130 2811 1278 2855 σχεδόν,
1313 2811 1355 2844 ut
1378 2821 1413 2854 p.
1440 2814 1505 2844 333
1531 2808 1561 2842 Β

887 2854 1013 2900 ἔφανη
1046 2860 1138 2900 ημῖν
1165 2883 1172 2889 .
1201 2884 1208 2891 .
1236 2853 1372 2899 σχεδόν
1403 2869 1439 2889 τι
1471 2867 1561 2888 ταυ-
