1907 3230
92 896 123 921 10

94 1233 125 1258 15

101 1569 133 1594 20
150 1548 199 1591 τὸ
245 1549 320 1603 ἐμὲ
368 1545 482 1590 εἶναι
525 1547 603 1590 τόν
643 1546 1015 1603 ἀποκρινόμενον.

554 164 887 203 PROTAGORAS.
911 165 951 200 P.
978 168 1044 200 360
1068 163 1136 200 ST,
1473 163 1551 205 185

143 288 183 314 τι
221 267 250 325 ἦ
289 268 349 312 δι’
389 268 578 323 ἄγνοιαν
615 268 688 310 καὶ
727 265 955 321 ἀμαθιάν;
996 263 1149 314 Οὕτως
1185 266 1294 319 ἔχει,
1337 266 1435 318 ἔφη.
1503 265 1556 305 Τί
1579 272 1605 308 C

143 331 248 387 οῧν;
287 339 419 379 τοῦτο
462 333 523 378 δι’
565 333 589 377 ὃ
628 335 771 377 δειλοί
807 335 920 377 εἰσιν
957 333 1005 376 οἱ
1029 333 1182 387 δειλοί,
1213 332 1384 374 δειλίαν
1413 331 1442 385 ἢ
1472 329 1553 373 ἀν-

141 405 297 459 δρείαν
337 407 507 454 καλεῖς;
544 403 732 445 Λειλίαν
771 400 920 455 ἔγωγ’,
959 402 1057 454 ἔφη.
1118 401 1273 442 Δειλοὶ
1311 399 1360 440 δὲ
1398 396 1453 440 οὐ
1483 396 1556 440 διὰ

141 471 222 527 τὴν
251 475 342 513 τῶν
364 473 527 514 δεινῶν
547 468 746 524 ἀμαθιάν
768 468 1003 523 ἐφάνησαν
1031 465 1175 517 ὅντες;
1207 464 1340 509 Πάνυ
1361 463 1419 520 γ’,
1453 467 1553 519 ἔφη.

146 537 235 581 Διά
275 538 442 593 ταύτην
480 536 566 592 ἄρα
601 536 682 591 τὴν
718 534 917 589 ἀμαθίαν
954 536 1097 577 δειλοί
1133 535 1268 584 εἰσιν;
1309 531 1554 588 Ὡμολόγει.

142 605 216 649 Δι’
261 603 286 648 ὃ
331 605 380 649 δὲ
425 606 568 648 δειλοί
610 605 715 657 εἰσι,
768 604 911 645 δειλία
962 601 1242 656 ὁμολογεῖται
1286 599 1406 655 παρὰ
1452 601 1555 649 σοῦ;

144 674 345 728 Συνέφη.
410 670 593 714 Οὐκοῦν
622 669 650 726 ἡ
681 672 770 712 τῶν
800 671 964 712 δεινῶν
993 670 1067 712 καὶ
1097 669 1154 724 μή
1187 670 1350 711 δεινῶν
1387 666 1557 721 ἀμαθία

143 742 286 783 δειλία
307 739 364 783 ἂν
386 743 475 795 εἴης
492 738 766 783 Ἐπένευσεν.
793 736 923 780 Ἀλλά
944 737 1048 792 μήν,
1071 732 1131 791 ἦν
1153 737 1192 779 δ’
1220 736 1323 790 ἐγώ,
1347 736 1555 777 ἐναντίον
1580 749 1611 783 1)

143 807 327 862 ἀνδρεία
348 808 502 863 δειλίᾳ.
532 805 664 861 ’Έφη.
707 803 937 860 Οὐκοῦνὴ
967 807 1056 847 τῶν
1088 806 1251 846 δεινῶν
1281 804 1355 845 καὶ
1385 804 1441 858 μὴ
1466 803 1559 844 δει-

146 875 240 918 νῶν
270 876 407 928 σοφία
438 873 618 916 ἐναντία
640 876 693 928 τῇ
714 872 886 915 τούτων
908 871 1079 928 ἀμαθίᾳ
1100 872 1198 914 ἐστί
1205 889 1216 922 ;
1248 871 1335 913 Καὶ
1358 871 1559 913 ἐνταῦθα

144 944 207 985 ἔτι
230 941 484 987 ἐπένευσεν.
527 939 582 983 ‘H
600 941 649 984 δε
669 940 843 983 τούτων
874 938 1044 995 ἀμαθία
1074 940 1238 988 δειλίας
1271 939 1404 981 Πάνυ
1435 937 1561 993 μόγις

146 1011 348 1052 ἐνταῦθα
388 1008 643 1051 ἐπένευσεν.
698 1005 756 1049 ‘H
787 1009 924 1062 σοφία
965 1007 1053 1062 ἄρα
1084 1023 1174 1049 των
1204 1007 1368 1049 δεινῶν
1398 1004 1470 1047 καὶ
1500 1003 1557 1059 μή

145 1078 311 1120 δεινων
342 1074 526 1130 ἀνδρεία
558 1074 695 1130 ἐστίν,
728 1074 907 1117 ἐναντία
938 1069 1051 1117 οὖσα
1082 1075 1135 1131 τῇ
1164 1074 1337 1117 τούτων
1367 1072 1560 1129 ἀμαθίας

145 1142 295 1187 οὐκέτι
333 1144 532 1186 ἐνταῦθα
564 1141 660 1185 οὔτ’
701 1143 934 1185 ἐπινεῦσαι
972 1140 1194 1198 ἠθέλησεν
1234 1140 1358 1194 ἐσίγα
1389 1154 1454 1183 τε·
1488 1139 1562 1182 καὶ

151 1210 237 1266 ἐγώ
262 1208 406 1254 εἷπον·
447 1213 500 1253 Τί
526 1210 598 1265 δή,
630 1204 667 1253 ὦ
688 1209 979 1264 Πρωταγόρα,
1011 1209 1115 1252 οὔτε
1146 1207 1203 1252 σύ
1235 1206 1323 1264 φῂς
1352 1207 1380 1250 οἳ
1412 1208 1563 1261 ἐρωτῶ

146 1278 248 1321 οὔτε
278 1277 478 1333 ἀπόφῃς;
513 1276 678 1331 Αὐτός,
713 1279 814 1333 ἔφη,
846 1279 1059 1333 πέρανον.
1109 1276 1189 1319 ’Ἐν
1218 1274 1277 1330 γ’,
1311 1277 1425 1330 ἔφην
1457 1273 1560 1329 ἐγώ,

146 1346 288 1401 μόνον
328 1345 540 1400 ἐρόμενος
585 1347 647 1387 ἔτι
692 1344 763 1401 σε’,
810 1349 854 1387 εἴ
893 1356 964 1387 σοι
999 1343 1152 1398 ὥσπερ
1192 1344 1242 1386 τὸ
1282 1345 1461 1397 πρῶτον
1499 1344 1562 1384 ἔτι
1586 1358 1616 1393 E

147 1415 365 1456 δοκοῦσιν
386 1410 504 1455 εἷναί
521 1427 639 1463 τινες
659 1412 896 1466 ἄνθρωποι
918 1412 1214 1467 ἀμαθέστατοι
1235 1427 1327 1466 μεν,
1360 1408 1561 1464 ἀνδρειό-

147 1496 270 1523 τατοι
308 1480 369 1522 δέ.
430 1482 713 1522 Φιλονεικεῑν
752 1496 850 1535 μοι,
891 1482 996 1535 ἔφη,
1035 1480 1202 1533 δοκεῖς,
1243 1479 1277 1521 ὠ
1310 1477 1562 1531 Σώκρατες,

1077 1549 1315 1602 χαριοῦμαι
1353 1548 1438 1588 ούν
1477 1558 1561 1597 σοι,

149 1615 222 1658 καὶ
276 1616 388 1669 λέγω
450 1613 516 1658 ότι
561 1614 610 1657 ἐκ
662 1631 753 1657 των
811 1614 1169 1670 ὡμολογημένων
1218 1612 1443 1657 ἀδύνατόν
1492 1629 1566 1668 μοι

96 1684 97 1688 ’
149 1685 276 1726 δοκεῖ
303 1679 429 1724 εἶναι.

267 1751 369 1806 Cap.
405 1750 497 1795 XL.
549 1748 706 1803 Οὔτοι,
743 1743 800 1804 ἦν
838 1748 879 1791 δ’
922 1749 1024 1804 ἐγώ,
1063 1748 1204 1791 ἄλλου
1244 1749 1376 1792 ἕνεκα
1415 1747 1566 1803 ἐρωτῶ

151 1817 296 1860 πάντα
317 1821 456 1860 ταῦτα
484 1815 513 1872 ἢ
544 1818 798 1866 σκέψασθαι
827 1815 1116 1872 βουλόμενος,
1149 1819 1241 1867 πῶς
1271 1815 1370 1858 ποτ’
1403 1818 1490 1870 ἔχει
1512 1814 1565 1858 τά

152 1887 254 1939 περὶ
291 1887 367 1940 τῆς
397 1883 556 1940 ἀρετῆς
586 1885 659 1927 καὶ
691 1886 733 1926 τί
762 1884 862 1927 ποτ’
905 1884 1027 1928 ἐστὶν
1058 1883 1167 1927 αὐτὸ
1197 1882 1222 1940 ἡ
1254 1883 1402 1939 ἀρετή.
1467 1880 1567 1925 οἶδα

266 2025 316 2056 19.
343 2023 643 2056 Φιλονεικεῖν
668 2040 711 2045 -
736 2017 782 2054 τὸ
810 2017 885 2064 ἐμὲ
913 2019 1056 2055 sirac:
1083 2020 1236 2065 seham,
1265 2023 1327 2065 qui
1354 2024 1568 2073 φιλονικεῖν

152 2066 257 2102 dedit
280 2068 322 2100 ut
345 2076 380 2123 p.
407 2069 472 2101 336
498 2065 529 2099 D
556 2065 668 2101 etiam
695 2061 894 2111 φιλόνικος
919 2068 956 2100 et
982 2070 1288 2110 συμφιλονικείν,
1320 2068 1430 2111 putat
1454 2064 1568 2109 πρὸς

153 2125 194 2192 τὲ)
227 2108 291 2190 ἐιὲιε
324 2116 425 2146 εἰναι
457 2110 692 2145 scribendum
725 2121 820 2153 esse,
853 2121 949 2154 quae
981 2114 1038 2146 est
1069 2111 1176 2146 huius
1207 2111 1312 2147 verbi
1343 2112 1455 2146 solita
1484 2121 1568 2146 con-

153 2168 168 2192 s
189 2167 253 2191 rue
287 2166 318 2191 o.

202 2285 252 2315 14.
294 2276 458 2315 οὐκέτι
499 2277 594 2314 οὔτ’
639 2276 828 2314 ἐπινεῦ-

155 2337 229 2360 σαι
254 2322 385 2369 ἠθέλ
412 2321 546 2369 ἐσίγα
572 2323 634 2369 τε]
662 2324 730 2358 Hic
754 2335 827 2359 non

154 2372 228 2405 iam
241 2381 362 2420 neque
380 2371 484 2412 nutu,
501 2379 620 2412 neque
638 2380 728 2404 voce
745 2380 825 2404 sen-

896 2278 964 2316 τὸν
1000 2277 1317 2334 ἀποκρινόμενον.
1374 2280 1496 2334 Supra
1530 2291 1567 2332 p.

897 2329 963 2361 336
988 2324 1033 2359 E:
1052 2323 1286 2377 φιλόνεικός
1318 2322 1395 2360 ἐστι
1427 2324 1521 2368 πρὸς
1547 2321 1566 2360 ὁ

898 2365 945 2405 ἂν
964 2367 1118 2415 ὁρμήσ.
1158 2369 1299 2406 Eodem
1316 2372 1441 2405 tamen
1459 2370 1569 2405 modo

155 2415 314 2450 tentiam
345 2426 449 2449 suam
481 2414 638 2469 aperuit,
685 2414 826 2449 Eodem

156 2460 265 2495 modo
297 2473 336 2496 τε
368 2462 452 2504 post
492 2457 579 2495 οὔτε
610 2458 760 2494 illatum
790 2471 826 2503 p.

155 2509 220 2540 347
245 2503 285 2539 Ε.
321 2516 356 2549 p.
389 2506 520 2542 351A.
556 2516 591 2549 p
623 2503 752 2540 3611«)
790 2516 825 2549 p.

154 2554 221 2586 309
246 2550 286 2593 Β,
314 2549 375 2584 ubi
399 2561 433 2587 v
459 2559 544 2586 ann.

203 2600 255 2631 19.
282 2597 584 2630 Φιλονεικειν
609 2614 652 2620 -
678 2594 724 2629 τὸ
752 2592 827 2639 ἐμὲ

158 2639 299 2691 εἶναι]
343 2642 579 2683 φιλονεικεῖν
655 2640 828 2675 ertina-

157 2686 275 2720 citer
311 2685 587 2720 contendere
652 2685 707 2720 l.
746 2696 830 2719 cum

158 2730 372 2766 accusativo
387 2731 548 2775 positum
564 2732 630 2769 est,
668 2730 830 2765 Pl-erum

158 2785 229 2819 que
253 2773 344 2820 πρός
370 2775 538 2810 additum
562 2775 765 2820 reperitur,
792 2777 832 2809 ut

159 2820 204 2855 de
228 2831 306 2864 rep.
332 2832 366 2865 p.
394 2825 459 2857 338
484 2822 532 2856 A.
565 2824 831 2877 προσεποιεῖτο

159 2864 203 2900 δε
223 2867 460 2909 φιλονεικεῖν
478 2865 571 2910 πρὸς
589 2865 631 2901 τὸ
650 2863 712 2910 ἐμε
734 2870 833 2901 εἰναι

897 2427 979 2450 cum
998 2426 1093 2465 stlmp
1111 2414 1158 2450 ici
1175 2417 1385 2450 accusativo
1404 2417 1472 2450 hoc
1489 2426 1570 2450 ver-

901 2462 984 2496 bum
1009 2460 1129 2494 iunxit
1144 2460 1380 2517 Thucydides
1398 2460 1428 2493 V
1447 2464 1519 2503 111,
1533 2465 1570 2495 4:

897 2506 962 2540 καὶ
988 2502 1061 2541 οὐκ
1086 2504 1252 2548 ἀπρεπες
1277 2509 1501 2548 νομιεῖτε-
1517 2503 1568 2550 μὴ

897 2548 942 2586 τὰ
969 2552 1079 2595 χείρω
1104 2552 1385 2607 φιλονεικῆσαι

943 2600 997 2631 25.
1029 2596 1076 2630 τί
1103 2593 1199 2631 ποτ’
1233 2593 1357 2631 ἐστὶν
1394 2592 1506 2630 αυτὸ
1544 2591 1566 2640 ἡ

900 2637 1060 2686 ἀρετή]
1081 2641 1169 2683 quid
1188 2640 1337 2676 tandem
1356 2640 1472 2675 virtus
1489 2640 1571 2685 ipsa.

899 2697 974 2737 per
1000 2696 1037 2720 se
1073 2686 1131 2720 sit.
1179 2686 1333 2723 Theaet
1364 2697 1399 2739 p.
1433 2689 1495 2720 146
1523 2685 1568 2720 E:

900 2744 1055 2788 γνωναι
1088 2727 1300 2776 ἐπιστήμην
1344 2727 1439 2766 αὐτὸ
1477 2725 1497 2766 ὅ
1535 2732 1575 2765 τί

900 2773 987 2811 ποτ’
1038 2773 1153 2831 ἐστίν’.
1189 2787 1317 2829 symp.
1354 2788 1389 2821 p
1430 2780 1491 2810 211
1527 2775 1569 2811 C:

902 2822 966 2856 καὶ
989 2821 1074 2874 γνῷ
1105 2819 1198 2857 αὐτὸ
1229 2823 1414 2856 τελευτῶν
1447 2817 1469 2856 ὅ
1493 2817 1570 2856 ἐστι

903 2864 1021 2902 καλόν
1046 2857 1081 2903 1‘1.
1103 2877 1131 2902 e.
1153 2869 1265 2910 atque
1292 2866 1339 2902 ad
1364 2868 1570 2902 extremum
