1939 3214
318 165 402 194 VIII

323 254 553 296 editoribus
584 253 888 295 recentioribus
918 251 946 307 ἥ
967 252 1223 306 addideram,
1255 252 1335 293 hac
1356 253 1563 306 particula
1583 253 1738 295 reiecta

322 312 462 353 locum
484 311 647 366 aptiore
669 311 892 352 verborum
914 309 1254 364 interpunctione
1276 323 1426 350 sanare
1442 313 1615 351 conatus
1632 324 1735 351 sum.

443 368 722 409 Coniecturae
754 367 806 407 ad
839 366 1147 407 emendandum
1168 365 1444 420 Protagoram
1474 365 1539 407 his
1561 366 1740 408 sedecim

328 426 449 466 annis
482 424 618 466 editae
649 426 747 465 sunt
767 423 986 477 plurimae,
1019 424 1090 464 sed
1113 422 1323 477 plerisque
1345 423 1449 463 locis
1476 421 1638 464 factum
1660 425 1737 476 est,

322 485 369 522 ut
423 481 659 523 certissima
697 479 888 521 Platonis
935 481 1065 520 verba
1110 479 1369 521 haberentur
1407 481 1620 533 suspecta,
1669 493 1741 521 eae

324 541 463 579 autem
495 552 601 592 quae
633 537 774 591 aliqua
804 536 1106 590 probabilitate
1139 536 1509 585 commendantur,
1544 549 1619 576 suo
1650 536 1742 577 loco

322 595 476 636 allatae
521 597 593 635 aut
637 594 709 635 ubi
748 593 858 634 ratio
899 592 1076 647 cogebat
1113 593 1158 632 in
1196 595 1357 634 textum
1396 594 1591 646 receptae
1629 594 1740 633 sunt.

323 651 463 692 Etiam
503 651 553 691 ad
593 649 887 704 explicandum
924 648 1036 690 hunc
1076 648 1292 704 dialogum
1338 649 1404 690 his
1453 648 1576 690 annis
1619 647 1744 702 plura

322 722 448 762 quam
479 708 678 748 universo
711 706 938 761 superioris
968 706 1171 760 temporis
1203 706 1339 760 spatio
1371 708 1412 747 et
1442 705 1487 746 in
1516 705 1745 746 Germania

323 767 366 806 et
404 765 448 805 in
488 764 581 805 aliis
614 764 813 818 gentibus
846 763 1019 804 eruditis
1051 763 1208 816 scripta
1241 765 1353 803 sunt.
1413 762 1479 803 Ex
1510 762 1664 816 quibus
1696 775 1745 802 ea

324 836 432 876 quae
462 836 528 862 res
560 821 834 862 illustrandas
867 821 1089 873 attingunt
1124 819 1223 860 data
1244 818 1565 873 opportunitate
1586 831 1744 859 memo-

323 881 416 919 rata
446 883 567 930 sunt,
608 878 679 918 sed
710 877 788 918 hoc
819 877 912 918 loco
950 875 1203 917 nominatim
1241 875 1519 930 proferendae
1549 874 1746 916 videntur

325 949 414 976 esse
446 934 756 989 disputationes
790 932 865 975 Ch.
899 932 1046 974 Cronii
1078 947 1196 973 curas
1226 946 1341 973 meas
1372 932 1416 973 in
1446 931 1528 972 hoc
1550 931 1744 972 Platonis

325 1005 451 1045 opere
495 991 656 1045 positas
693 991 879 1043 ingenue
925 989 1152 1030 iudicantis
1200 988 1370 1043 (Jahrb.
1416 988 1446 1032 f.
1492 988 1543 1029 cl.
1590 986 1744 1029 Philol.

328 1048 434 1088 1871
476 1063 516 1101 p.
559 1047 817 1101 729—753)
856 1049 897 1087 et
936 1045 1167 1087 Schirlitzii
1205 1044 1426 1100 (Zeitschr.
1467 1044 1498 1085 f.
1539 1043 1577 1084 d.
1618 1043 1747 1097 Gym-

325 1103 514 1144 nasialw.
539 1103 646 1145 1876
668 1118 707 1158 p.
731 1103 810 1143 401
826 1128 877 1132 -—
887 1102 988 1156 446)
1019 1102 1204 1155 itemque
1227 1101 1401 1142 subtiles
1423 1100 1746 1154 explanationes

325 1160 512 1202 Bonitzii
545 1159 674 1214 (Plat.
708 1158 825 1201 Stud.
862 1159 967 1200 1875
994 1173 1034 1212 p.
1065 1157 1322 1212 237-251.)
1355 1160 1397 1199 et
1426 1157 1611 1211 Kleistii,
1643 1170 1749 1211 quae

331 1218 606 1258 continentur
636 1216 851 1271 Philologi
880 1216 963 1257 vol.
995 1215 1048 1256 39
1081 1230 1121 1269 p.
1157 1214 1324 1256 1-32,
1509 1250 1512 1253 .

443 1272 661 1328 Superest,
709 1276 756 1314 ut
798 1273 906 1313 hanc
956 1286 1121 1326 quoque
1160 1270 1388 1312 editionem
1427 1269 1750 1311 benevolentiae

328 1331 515 1371 virorum
546 1330 696 1371 harum
727 1330 964 1370 litterarum
995 1328 1277 1369 studiosorum
1310 1326 1613 1369 commendem.

442 1397 688 1440 Scribebam
711 1399 1016 1439 ARNSTADIAE
1039 1395 1355 1449 Thuringorum
1383 1408 1527 1435 mense
1549 1394 1744 1448 Augusto

328 1465 646 1497 MDCCCLXXKL
