1939 3214
381 143 461 184 160

964 138 1207 174 PLATONIS

379 242 441 296 δέ,
474 239 532 291 ὡς
564 237 745 298 ἐγῷμαι,
777 239 826 282 τὸ
859 240 1063 294 ἐρώτημα
1094 238 1216 281 τόδε·
1251 242 1388 294 σοφία
1419 241 1493 282 καὶ
1523 242 1798 296 σωφροσύνη

378 310 453 351 καὶ
483 307 673 362 ἀνδρεία
704 308 778 349 καὶ
810 306 1075 361 δικαιοσύνη
1107 306 1184 348 καὶ
1206 304 1397 360 ὁσιότης,
1430 308 1622 363 πότερον
1642 311 1798 362 ταῦτα,

378 376 511 418 πέντε
543 374 651 417 ὄντα
683 374 899 428 ὀνόματα,
941 372 1014 416 ἐπὶ
1044 373 1110 415 ἑνὶ
1142 373 1369 428 πράγματί
1398 375 1536 429 ἐστιν,
1569 372 1598 430 ἢ
1629 375 1800 431 ἑκάστῳ

378 446 469 485 τῶν
510 441 745 496 ὀνομάτων
789 441 957 483 τούτων
999 438 1238 482 ὑπόκειταί
1279 456 1344 489 τις
1390 442 1502 491 ἴδιος
1547 441 1680 484 οὐσία
1724 441 1800 484 καὶ

379 510 559 564 πρᾶγμα
598 511 700 563 ἕχον
738 509 902 551 ἑαυτοῦ
947 507 1143 562 δύναμιν
1179 508 1384 563 ἕκαστον,
1422 508 1504 550 οὐκ
1539 505 1592 551 ὃν
1622 503 1719 551 οἷον
1748 510 1797 552 τὸ

378 577 532 632 ἕτερον
574 574 724 618 αὐτῶν
760 575 810 617 τὸ
850 575 1024 630 ἕτερον,
1065 577 1244 629 ἔφησθα
1283 570 1369 617 οὖν
1400 575 1457 617 σύ
1489 574 1572 618 οὐκ
1604 574 1801 629 ὀνόματα

327 651 353 687 C
381 643 453 686 ἐπὶ
485 643 551 686 ἑνὶ
582 640 717 696 εἶναι,
758 641 870 684 ἄλλα
909 641 1098 683 ἕκαστον
1129 642 1226 698 ἰδίῳ
1257 643 1482 698 πράγματι
1512 646 1602 685 τῶν
1633 641 1802 696 ὀνομά-

379 727 470 753 των
514 711 687 752 τούτων
729 709 1007 762 ἐπικεῖσθαι,
1048 709 1193 751 πάντα
1236 710 1284 751 δὲ
1326 713 1466 751 ταῦτα
1512 711 1646 764 μόρια
1688 707 1803 752 εἶναι

378 774 559 832 ἀρετῆς,
601 776 681 832 οὐχ
722 775 783 826 ὥς
821 776 873 819 τόι
905 779 985 818 τοῦ
1029 779 1201 831 χρυσοῦ
1238 777 1372 832 μόρια
1409 775 1540 832 ὅμοιά
1577 777 1700 820 ἐστιν
1731 775 1802 818 ἀλ-

968 837 984 844 a.

380 845 531 899 λήλοις
577 844 651 886 καὶ
690 848 750 900 τῷ
791 843 878 901 ὅλῳ
928 844 983 886 οὑ
1019 843 1153 899 μόριά
1193 843 1338 897 ἐστιν,
1386 842 1489 886 ἀλλ’
1533 843 1593 894 ὥς
1628 843 1681 886 τὰ
1717 847 1799 886 τοῦ
1817 861 1849 887 10

379 911 628 966 προσώπου
660 911 793 965 μόρια
826 914 898 952 καὶ
930 911 990 966 τῷ
1021 910 1108 967 ὅλῳ
1151 904 1206 952 οὗ
1242 910 1375 965 μόριά
1421 912 1514 953 ἐστι
1553 912 1627 953 καὶ
1664 910 1803 966 ἀλλή-

378 982 472 1028 λοις
509 978 699 1032 ἀνόμοια
709 1012 721 1032 ,

377 1047 460 1100 μέν
498 1059 568 1087 σοι
606 1046 734 1087 δοκεῖ
769 1046 832 1086 ἔτι
864 1043 1014 1099 ὥσπερ
1045 1045 1158 1099 τότε,
1192 1045 1328 1098 φάθι·

376 1116 509 1155 τοῦτο
549 1114 767 1167 διόρισαι,
808 1111 867 1162 (ὃς
904 1114 1042 1167 ἔγωγε
1081 1111 1214 1154 οὐδέν
1245 1123 1316 1154 σοι
1347 1110 1577 1166 ὑπόλογον
1607 1115 1802 1167 τίθεμαι,
1850 1140 1852 1143 v

763 978 882 1019 ι’διάν
919 979 1082 1020 ἕκαστα
1121 979 1318 1032 δύναμιν
1358 980 1529 1032 ἔχοντα.

1591 982 1726 1020 ταῦτα
1765 980 1806 1020 εἰ

1371 1046 1411 1086 εί
1440 1046 1488 1087 δὲ
1519 1044 1665 1095 ἄλλως
1695 1060 1802 1100 πως,

379 1180 460 1221 ἐάν
490 1194 551 1235 πῃ
583 1178 694 1234 ἄλλῃ
725 1182 813 1221 νῦν
844 1179 1009 1234 φήσῃς·
1045 1178 1097 1221 οὐ
1126 1178 1212 1233 γάρ
1244 1176 1302 1221 ἂν
1323 1180 1610 1234 θαυμάζοιμι,
1643 1181 1683 1222 εἰ
1703 1180 1800 1222 τότε
1816 1196 1849 1223 15

379 1244 743 1301 ἀποπειρώμενος
774 1262 861 1301 μου
892 1249 1033 1288 ταῦτα
1064 1249 1223 1301 ἔλεγες.

498 1315 599 1369 Cap.
632 1314 834 1356 XXXIV.
863 1310 978 1355 Ἀλλ’
1013 1314 1099 1368 ἐγώ
1129 1326 1214 1367 σοι,
1247 1316 1348 1368 ἔφη,
1381 1315 1510 1368 λε’γω,
1544 1308 1579 1356 ὦ
1611 1314 1800 1369 Σώκρα-

379 1396 471 1435 τες,
511 1380 581 1423 ὅτι
619 1384 759 1423 ταῦτα
797 1383 946 1423 πάντα
983 1382 1117 1436 μόρια
1158 1382 1239 1436 μέν
1272 1381 1395 1423 ἐστιν
1426 1379 1606 1436 ἀρετῆς,
1645 1383 1720 1423 καὶ
1750 1380 1803 1424 τὰ

378 1449 460 1502 μὲν
492 1449 676 1503 τέτταρα
707 1447 859 1490 αὐτῶν
891 1449 1096 1498 ἐπιεικῶς
1117 1447 1406 1502 παραπλήσια
1428 1448 1637 1503 ἀλλήλοις
1659 1450 1798 1502 ἐστίν,

377 1514 403 1570 ἡ
438 1516 486 1557 δὲ
517 1515 703 1571 ἀνδρεία
733 1516 854 1558 πάνυ
885 1515 1002 1558 πολὺ
1034 1515 1251 1570 διαφέρον
1273 1515 1458 1556 πάντων
1481 1515 1668 1557 τούτων.
1711 1510 1800 1558 ὦδε
1816 1531 1848 1557 20

380 1583 429 1625 δὲ
459 1583 625 1637 γνώσει
664 1582 729 1625 ὅτι
773 1582 857 1637 ἐγώ
889 1582 1038 1638 ἀληθῆ
1068 1584 1201 1636 λέγω·
1241 1580 1445 1636 εὑρήσεις
1482 1581 1568 1636 γὰρ
1606 1582 1803 1633 πολλοὺς

494 1721 545 1752 14.
571 1716 657 1752 ὑπὸ
685 1721 828 1772 λογων
853 1717 894 1761 Β,
922 1714 1115 1762 υπολόγον
1133 1717 1173 1751 Τ.
1215 1717 1329 1751 Recte
1355 1715 1568 1761 Stephanus
1592 1717 1687 1751 vidit
1711 1717 1801 1752 sori-

380 1762 541 1796 bendum
568 1772 647 1797 esse
672 1760 874 1806 υπόλογον.

424 1890 454 1921 4.
483 1886 607 1925 ἴδιος
633 1881 832 1919 οὐσιά-
852 1882 1055 1928 δύναμιν

380 1928 594 1974 ἕκαστον]
616 1929 662 1964 H.
678 1941 708 1964 e.
727 1940 779 1964 an
804 1930 1054 1973 unicuique

378 1974 541 2009 horum
577 1975 810 2009 nominum
846 1974 1057 2009 subiecta

380 2022 451 2053 661
487 2020 678 2064 propria
719 2019 943 2062 quaedam
978 2030 1055 2053 na-

378 2066 485 2098 tura
509 2075 557 2098 ac
589 2075 659 2099 166
685 2075 807 2098 suam
845 2064 935 2098 sibi
967 2064 1055 2097 vim

378 2108 549 2143 habens
587 2110 630 2143 61
666 2109 721 2143 ab
760 2108 870 2162 ali9is
904 2108 1054 2143 diver-

379 2164 480 2187 sam.
519 2153 559 2187 P.
574 2153 698 2188 3290:
725 2151 834 2188 ταῦτ’
861 2153 931 2188 οὐν
956 2144 1054 2188 αντα

380 2195 516 2233 δίελθέ
553 2211 617 2254 μοι
654 2195 817 2254 ἀκριβῶς
855 2199 907 2245 τῷ
929 2195 1053 2253 λόγῳ

378 2239 541 2296 πότερον
564 2242 608 2277 ἐν
634 2242 706 2286 μέν
730 2245 770 2278 τί
793 2255 893 2278 εστιν
918 2242 940 2287 ἡ
970 2240 1054 2298 ἄρε-

378 2285 442 2332 τή,
487 2287 602 2332 μόρια
642 2288 684 2323 δὲ
727 2285 848 2332 αὐτῆς
889 2286 992 2324 ἐστιν
1032 2303 1054 2345 η

380 2333 610 2389 δικαιοσύνη
642 2334 707 2368 καὶ
739 2332 964 2390 σωφροσύνῃ
991 2347 1055 2368 και

380 2374 542 2434 ὁσιότης,
575 2376 604 2434 ἢ
640 2380 735 2414 ταῦτ
791 2377 894 2413 ἐστὶν
925 2392 948 2412 α
981 2377 1055 2413 νῦν

380 2422 428 2466 δὴ
463 2420 534 2477 ἐγω
569 2421 699 2465 ἔλεγον
729 2436 858 2457 παντα
883 2419 1055 2463 ὀνόματα

379 2469 446 2503 τοῦ
473 2465 594 2503 αὐτοῦ
621 2466 706 2508 ἑνὸς
732 2465 853 2507 ὄντος.

426 2527 477 2557 14.
504 2537 558 2563 ως
585 2522 1055 2573 ἐ’γωγε-φήσης]116-

380 2579 466 2611 que
487 2568 603 2602 enim
626 2578 707 2613 ego
729 2579 750 2602 a
769 2569 813 2603 16
833 2569 1056 2603 rationem

381 2613 514 2658 exigo
544 2614 578 2648 h.
611 2625 639 2650 e.
673 2624 754 2657 ego
785 2613 901 2647 enim
939 2613 1055 2647 nihil

380 2669 505 2699 curo,
543 2659 579 2692 61
610 2659 719 2701 quid
749 2657 889 2692 aliter
926 2658 1052 2692 dixe—

380 2703 459 2736 ris:
507 2703 621 2737 (161111
666 2704 736 2738 ich
775 2702 941 2737 rechne
983 2703 1054 2736 dir

381 2758 424 2781 es
461 2747 588 2782 1116111
624 2759 695 2790 an,
734 2758 860 2782 wenn
898 2748 952 2781 du
985 2749 1053 2782 616.

380 2789 572 2841 ὑπόλογον
613 2794 817 2828 ποιεῖσθαι
853 2794 966 2827 τοῦτο
998 2794 1054 2827 661

380 2836 512 2870 11111116
537 2838 602 2872 rei
620 2837 846 2872 1611011661
863 2837 1050 2879 habere

1125 1886 1202 1919 fere
1241 1895 1324 1919 611111
1361 1883 1630 1929 significatione
1668 1896 1801 1920 excu—

1126 1929 1321 1964 sationis
1368 1930 1427 1964 vel
1474 1929 1801 1964 absolutionis.

1125 1973 1255 2008 Stallb.

1129 2057 1146 2070 μ
1172 2023 1223 2053 17.
1268 2016 1349 2071 ἐγώ
1391 2031 1478 2059 σοι,
1521 2017 1626 2063 ἐφη,
1669 2023 1713 2054 λε
1699 2016 1799 2064 ἐγω,

1126 2076 1252 2098 οτι-
1269 2060 1322 2097 τὰ
1348 2076 1428 2107 μεν
1447 2061 1658 2114 τέτταρα]
1674 2074 1802 2106 quam-

1126 2119 1237 2151 quam
1256 2108 1580 2151 argumen‘catione
1594 2108 1704 2143 modo
1719 2120 1803 2159 pro-

1126 2154 1255 2187 batum
1286 2154 1366 2187 erat
1390 2153 1523 2187 harum
1548 2154 1708 2195 quatuor
1733 2153 1804 2187 vir-

1124 2199 1246 2232 111111111
1271 2198 1378 2232 binas
1410 2198 1507 2232 binis
1539 2198 1679 2232 similes
1711 2209 1801 2242 6666,

1124 2244 1250 2277 tamen
1282 2254 1327 2277 ex
1357 2243 1586 2292 Protagorae
1614 2253 1802 2286 responso,

1127 2299 1199 2331 quo
1230 2299 1266 2332 p.
1293 2292 1358 2322 333
1384 2287 1409 2322 C
1441 2298 1627 2322 nemmem
1662 2288 1803 2332 tempe-

1126 2331 1248 2367 rantia
1297 2334 1466 2366 olnatum
1505 2332 1640 2366 iniuste
1688 2343 1801 2376 agere

1125 2388 1233 2421 posse
1250 2377 1370 2412 videri
1387 2377 1545 2420 dixerat,
1573 2387 1800 2421 consequens

1126 2422 1197 2457 fuit
1223 2423 1323 2457 .illas
1359 2422 1513 2456 virtutes
1548 2432 1675 2456 omnes
1705 2422 1803 2456 111161·

1127 2478 1164 2502 66
1191 2467 1328 2502 similes
1353 2477 1444 2509 6666,
1470 2467 1514 2501 of.
1530 2467 1672 2512 proleg
1691 2479 1730 2511 p.
1748 2471 1800 2501 14.

1172 2527 1225 2559 21
1247 2520 1799 2574 εὑρήσειςγάρπολλο.υς]

1125 2568 1166 2602 111
1200 2567 1337 2602 1111111116
1369 2564 1440 2610 γάρ
1477 2567 1594 2602 habet
1628 2578 1703 2601 vxm
1739 2578 1801 2601 ex-

1125 2612 1298 2663 plicandi.
1346 2613 1565 2646 Germanice
1591 2611 1710 2646 dieas.
1744 2612 1800 2645 du

1124 2657 1253 2691 wirst
1291 2657 1490 2691 m'imlich
1529 2656 1688 2690 finden
1730 2657 1799 2693 616.

1123 2701 1310 2737 Phaedon
1332 2713 1368 2745 p
1384 2702 1487 2735 91A:
1511 2698 1586 2757 ἐγώ
1609 2714 1673 2744 μοι
1699 2702 1800 2736 δοκῶ

1123 2747 1305 2781 τοσοῦτον
1345 2744 1463 2797 μόνον
1503 2743 1659 2781 ἐκείνων
1708 2747 1800 2781 διοί-

1124 2802 1220 2826 σειν·
1255 2787 1298 2824 οὗ
1330 2804 1403 2834 γαρ
1429 2810 1470 2815 -
1496 2788 1799 2835 προθυμήσομαι

1122 2832 1199 2871 κτὲ.
1247 2836 1376 2879 Neque
1408 2836 1556 2870 1611111111
1581 2837 1666 2880 post
1689 2846 1798 2870 voees
