1907 3230
71 896 103 924 10

70 1232 102 1258 15

68 1567 102 1593 20

541 179 873 215 PROTAGORAS.
899 179 938 217 P.
965 183 1031 215 354
1056 178 1123 213 ST.
1466 180 1541 220 171

126 282 201 326 καὶ
231 285 435 334 πλοῦτοι;
469 287 602 334 φαῖεν
632 279 705 333 ἄν,
738 277 796 330 ὠς
827 275 1005 336 ἐγῷμαι.
1068 281 1329 323 Συνεδόκει.
1396 282 1545 320 Ταῦτα

126 350 175 393 δὲ
205 348 354 403 ἀγαθά
386 348 478 390 ἐστι
509 345 567 389 δι’
601 345 712 388 ἄλλο
742 363 782 388 τι
812 344 841 401 ἦ
872 347 938 390 ὅτι
976 350 1038 398 εἰς
1074 346 1239 401 ἡδονὰς
1268 345 1543 400 ἀποτελευτᾷ

124 415 200 458 καὶ
245 419 403 457 λυπῶν
447 413 708 467 ἀπαλλαγάς
750 430 797 456 τε
835 416 909 457 καὶ
948 415 1226 468 ἄποτροποὶς;
1269 410 1297 468 ἢ
1343 413 1462 467 ἔχετέ
1505 427 1545 453 τι

124 482 232 526 ἄλλο
264 484 385 532 τέλος
426 482 585 535 λέγειν,
627 482 687 530 εἰς
718 477 743 522 ὃ
772 481 1107 536 ἀποβλέψαντες
1138 479 1249 523 αὐτοὶ
1282 478 1431 534 ἀγαθοὶ
1464 495 1544 520 κα-
1571 487 1596 522 C

126 553 264 603 λεῖτε,
311 548 409 591 ἀλλ’
449 545 478 603 ἦ
515 546 680 602 ἡδονάς
709 564 756 590 τε
787 550 860 590 καὶ
892 548 1055 599 λύπας;
1097 547 1179 590 οὐκ
1211 545 1267 590 ἂν
1297 554 1447 602 φαῖεν,
1487 544 1546 595 ὠς

125 612 306 672 ἐγῷμαι.
373 613 483 658 Οὐδ’
517 615 614 667 ἐμοὶ
646 616 782 668 δοκεῖ,
815 618 900 670 ἔφη
933 613 955 658 ὁ
987 615 1304 670 Πρωταγόρας.
1360 612 1546 656 Οὐκοῦν

123 684 206 739 τὴν
244 685 326 738 μὲν
365 681 536 737 ἡδονήν
574 683 758 724 διῶκετε
797 681 857 732 ὦς
886 682 1062 737 ἀγαθὸν
1094 682 1163 734 ὄν,
1203 682 1284 737 τὴν
1316 683 1364 725 δὲ
1397 683 1545 735 λύπην

124 751 314 806 φεύγετε
335 748 393 800 ὠς
423 750 584 799 κακόν;
618 749 880 791 Συνεδόκει.
933 749 1066 792 Τοῦτ’
1100 749 1188 803 ἄρα
1209 748 1387 805 ἡγεῖσθ’
1430 745 1546 790 εἶναι

123 818 289 871 κακόν,
330 817 412 871 τὴν
449 816 621 870 λύπην,
662 815 735 857 καὶ
775 815 950 870 ἀγαθὸν
987 817 1070 872 τὴν
1106 814 1295 871 ἡδονήν,
1336 816 1432 858 ἐπεὶ
1472 814 1547 857 καὶ

126 883 235 926 αὐτὸ
266 884 315 926 τὸ
346 885 516 937 χαίρειν
546 883 645 924 τότε
676 883 826 936 λέγετε
857 883 999 926 κακὸν
1032 881 1162 937 εἶναι,
1195 882 1302 925 ὅταν
1332 881 1546 938 μειζόνων

122 950 302 1007 ἡδονῶν
339 949 566 1005 ἀποστερῇ
604 947 631 1004 ἦ
668 949 775 999 ὅσας
811 949 920 992 αὐτὸ
958 953 1068 1006 ἔχει,
1112 948 1142 1005 ἦ
1188 952 1333 1000 λύπας
1373 951 1547 1004 μείζους

126 1019 442 1072 παρασκευάζῃ
481 1020 572 1059 τῶν
611 1018 662 1060 ἐν
701 1016 822 1073 αὐτῷ
858 1016 1059 1073 ἡδονῶν·
1101 1017 1196 1059 ἐπεὶ
1228 1019 1269 1060 εἰ
1297 1016 1395 1058 κατ’
1434 1015 1542 1058 ἄλλο
1567 1023 1598 1058 D

123 1102 164 1128 τι
203 1083 313 1127 αὐτὸ
352 1082 401 1126 τό
434 1086 605 1138 χαίρειν
637 1083 779 1126 κακόν
810 1087 984 1127 καλεῖτε
1015 1087 1090 1127 καὶ
1121 1087 1182 1135 εἰς
1213 1084 1320 1126 ἄλλο
1352 1100 1393 1125 τι
1424 1085 1548 1132 τέλος

123 1151 472 1206 ἀποβλέψαντες,
506 1153 643 1205 ἔχοιτε
675 1148 732 1193 ἄν
761 1152 835 1192 καὶ
856 1150 961 1206 ἡμῖν
985 1154 1146 1194 εἰπεῖν·
1181 1150 1280 1193 ἀλλ’
1312 1150 1391 1205 οὐχ
1413 1150 1543 1201 ἕξετε.

129 1218 239 1261 Οὐδ’
280 1217 378 1274 ἐμοὶ
416 1219 648 1271 δοκοῦσιν,
682 1221 766 1272 ἔφη
799 1216 822 1260 ὁ
854 1221 1173 1274 Πρωταγόρας.
1221 1218 1357 1260 ’Άλλο
1388 1234 1429 1260 τι
1462 1213 1547 1259 οὖν

122 1287 260 1328 πάλιν
299 1285 373 1327 καὶ
414 1284 516 1339 περὶ
553 1283 693 1327 αὐτοῦ
732 1289 812 1327 τοῦ
851 1289 1094 1329 λυπεῖσθαι
1133 1285 1155 1328 ὁ
1194 1283 1326 1335 αὐτὸς
1363 1285 1544 1339 τρόπος;

121 1354 221 1396 τότε
242 1356 417 1395 καλεῖτε·
449 1351 558 1394 αὐτὸ
587 1349 637 1394 τὸ
669 1355 914 1394 λυπεῖσθαι
945 1352 1136 1407 ἀγαθόν,
1171 1353 1279 1395 ὅταν
1310 1351 1339 1407 ἦ
1371 1354 1547 1407 μείζους

122 1421 262 1470 λύπας
291 1421 382 1461 τῶν
415 1419 466 1462 ἐν
497 1418 617 1475 αὐτῷ
649 1418 801 1460 οὐσῶν
831 1418 1088 1475 ἀπαλλάττῃ
1120 1417 1147 1475 ἢ
1177 1423 1352 1475 μείζους
1380 1417 1548 1474 ἡδονάς

123 1491 216 1530 τῶν
253 1488 411 1529 λυπῶν
448 1489 784 1542 παρασκευάζῃ;
834 1489 930 1530 ἐπεὶ
970 1489 1010 1529 εί
1046 1487 1157 1543 πρὸς
1195 1487 1306 1529 ἄλλο
1342 1503 1385 1529 τι
1423 1487 1547 1536 τέλος

127 1554 422 1609 ἀποβλέπετε,
470 1553 577 1596 ὅταν
617 1557 779 1609 καλῆτε
819 1554 929 1598 αὐτὸ
966 1554 1015 1598 τὸ
1063 1558 1307 1597 λυπεῖσθαι
1353 1552 1543 1608 ἀγαθόν,
1570 1560 1598 1594 Ε

121 1622 149 1677 ἢ
179 1621 290 1675 πρὸς
321 1619 345 1663 ὃ
376 1618 463 1675 ἐγώ
494 1621 622 1676 λέγω,
655 1623 773 1676 ἔχετε
805 1620 910 1677 ἡμῖν
941 1623 1104 1664 εἰπεῖν·
1151 1620 1249 1663 ἀλλ’
1293 1621 1374 1676 οὐχ
1413 1621 1543 1671 ἕξετε.

464 1749 483 1763 ,⁸

235 1760 268 1793 5.
313 1753 412 1790 ἀλλ’
457 1768 480 1799 η
521 1751 697 1810 rjffpvdg
735 1756 780 1790 de
818 1755 1000 1799 Stephani
1036 1757 1266 1791 coniectura.
1304 1750 1327 1799 ἢ
1366 1766 1437 1793 om.
1469 1755 1545 1790 ΒΤ.

121 1805 154 1837 6.
191 1798 292 1836 οὐδ’
330 1798 430 1852 ἐμοὶ
463 1800 509 1834 T:
521 1769 707 1845 ηούδέμοι
744 1800 773 1834 Β
809 1801 975 1844 itemque
1016 1801 1053 1835 in
1090 1801 1262 1855 proxima
1297 1801 1546 1845 paragrapho.

121 1850 154 1883 8.
194 1860 250 1887 ως
282 1843 445 1885 κακόν;
480 1833 678 1880 Comarius
708 1845 900 1880 iudicabat
931 1847 1018 1890 post
1050 1845 1169 1880 κακόν
1199 1846 1434 1880 inserendum
1467 1856 1545 1880 esse

123 1896 240 1936 φαῖεν
272 1888 337 1929 ἄν,
371 1891 414 1924 ut
443 1890 480 1924 in
511 1889 764 1934 superioribus
793 1891 944 1927 factum
992 1891 1040 1925 Et
1070 1891 1257 1941 expressis,
1281 1890 1376 1924 illud
1400 1890 1546 1924 Ficinus

122 1937 235 1971 etiam
268 1936 337 1970 hoc
368 1935 462 1969 loco.
512 1934 585 1970 Sed
616 1945 730 1978 quum
761 1935 826 1969 ille
859 1936 1045 1970 interdum
1071 1935 1225 1970 liberius
1248 1935 1286 1969 in
1309 1935 1467 1970 Platone
1493 1935 1546 1969 in-

121 1980 363 2031 terpretando
382 1981 550 2014 versatus
575 1979 623 2014 sit
646 1991 765 2024 neque
804 1980 882 2014 ulla
904 1980 1104 2015 necessitas
1129 1983 1239 2024 cogat
1264 1980 1312 2014 ad
1335 1980 1546 2015 faciendam

121 2025 386 2065 mutabionem‚
420 2024 599 2059 librorum
631 2026 829 2059 lectionem
863 2025 1084 2060 servandam
1116 2036 1317 2061 censemus.
1396 2029 1448 2062 10.
1476 2025 1545 2060 λε’-

122 2083 223 2115 γετε
250 2070 297 2104 T:
325 2069 475 2113 λέγεται
499 2072 542 2104 Β.
618 2074 668 2107 15.
695 2067 791 2104 ἀλλ
819 2065 888 2105 ὅτι
913 2070 954 2111 Β,
982 2067 1113 2105 ἅλλότι
1139 2071 1181 2108 Τ

123 2194 188 2228 sed
224 2193 262 2227 in
298 2193 390 2227 alias
422 2202 569 2235 quoque
600 2193 799 2237 imperium

121 2239 298 2273 habeant.
347 2237 444 2272 Satis
480 2238 571 2271 trita
607 2242 663 2272 est
699 2238 799 2271 vocis

123 2283 222 2328 αρχή
258 2282 467 2317 coniunctio
503 2292 586 2316 cum
623 2293 708 2316 casu
745 2293 798 2316 se-

123 2329 256 2367 cundo,
283 2329 326 2362 ut
348 2327 461 2380 Gorg.
489 2338 524 2380 p.
551 2328 684 2362 314Α;
691 2325 798 2380 χρή-

122 2387 224 2417 ματα
241 2370 362 2407 πολλὰ
389 2368 638 2424 λαμβάνειν
626 2369 648 2416 ἠ
676 2369 798 2427 ἁρχην

122 2431 236 2498 2232?
259 2411 314 2497 0³}
327 2414 488 2518 X{}2⁷{{t.
493 2415 666 2514 ⁶13³<T1⁰⁴³x⁴z²1²¹1
685 2431 799 2496 277ιῖ]ἒί

168 2512 200 2542 5.
240 2503 336 2541 ἀλλ’
375 2521 398 2551 η
436 2504 607 2551 ἡδονάς
640 2519 687 2542 τε
720 2507 797 2540 καὶ

124 2553 167 2598 λ.]
200 2552 308 2592 nisi,
353 2553 681 2597 praeterquam
716 2553 799 2594 etc„

123 2599 165 2632 ut
191 2609 228 2642 p.
248 2595 370 2640 3291),
396 2600 460 2632 356
487 2597 530 2640 Α,
558 2597 603 2631 de
629 2607 701 2641 qua
725 2597 799 2630 for-

123 2643 225 2677 mula
245 2653 285 2720 ᾗ.
302 2641 514 2676 Stallbaum
539 2641 586 2676 ad
612 2641 799 2676 Phaedon.

169 2736 200 2766 7.
231 2729 286 2772 ὦς
317 2728 501 2776 ἀγαθὸν
534 2728 601 2767 ὄν·
593 2733 620 2776 ,]
647 2731 800 2765 Partici-

123 2775 227 2820 pium
243 2773 287 2811 ὄν
303 2776 520 2821 praedicabo
539 2776 796 2811 accommoda-

124 2825 204 2855 tum
223 2828 290 2856 est.
326 2821 499 2857 Debebat
524 2823 621 2857 enim
647 2821 796 2865 proprie

124 2876 204 2900 esse
236 2860 366 2903 οὖσαν.
407 2867 450 2904 cf,
476 2867 521 2901 de
552 2867 696 2911 republ.
722 2866 736 2899 1
763 2877 798 2909 p.

869 2193 999 2228 3540:
1042 2192 1088 2228 τὸ
1132 2195 1320 2228 δίκαιον
1362 2192 1412 2239 μὴ
1457 2193 1546 2229 οἶδα

871 2240 946 2273 εἴτε
972 2236 1090 2282 αρετή
1114 2252 1173 2278 τις
1205 2231 1321 2273 οὖσα
1349 2239 1547 2296 τυγχάνει.

870 2282 981 2326 Gorg
1013 2295 1049 2327 p.
1074 2283 1210 2318 463E:
1249 2283 1285 2317 εἰ
1320 2282 1363 2318 δὲ
1403 2283 1440 2328 (ἡ
1470 2283 1545 2335 ῥἠ-

869 2327 1015 2371 τορική)
1046 2328 1096 2372 μή
1131 2326 1313 2372 τυγχάνει
1347 2342 1390 2363 ον
1423 2342 1546 2371 τουτο,

869 2372 933 2406 ubi
963 2384 995 2407 v.
1028 2374 1151 2410 annot
1201 2373 1302 2408 Infra
1331 2386 1366 2418 p.
1398 2378 1463 2409 359
1495 2374 1544 2408 D:

869 2415 1004 2471 ἐπειδη
1042 2416 1083 2452 τὸ
1126 2416 1225 2462 ἥττω
1263 2417 1364 2453 εἶναι
1407 2417 1545 2454 ἑαυτοῦ

870 2459 1013 2507 ευρέθη
1039 2460 1197 2517 αμαθία
1232 2475 1337 2498 ουσα.
1386 2464 1482 2498 Men.
1510 2475 1545 2507 p.

869 2511 910 2541 79
925 2507 971 2541 E:
997 2509 1100 2547 τίνος
1125 2505 1235 2548 ὄντος
1261 2505 1396 2553 ἀρετῆς
1424 2510 1545 2552 λέγεις

870 2546 892 2586 ἃ
921 2550 1060 2610 λέγεις;
1089 2552 1136 2587 al.
1160 2552 1289 2589 Stallb.

923 2601 972 2634 12.
1012 2596 1112 2633 ἐπεὶ
1152 2595 1428 2632 εί-κακὸν
1467 2611 1545 2632 κα-

872 2645 1068 2683 λεῖτε-,
1090 2641 1242 2686 ἔχοιτε
1269 2636 1337 2687 αν]
1366 2642 1407 2679 V.
1435 2643 1482 2676 ad
1507 2654 1544 2688 p

870 2690 935 2721 336
961 2686 986 2722 C
998 2689 1104 2742 (122,
1130 2691 1178 2729 9).

916 2735 967 2768 15.
998 2729 1118 2766 ’Άλλο
1150 2745 1193 2766 τι
1226 2745 1307 2767 ουν
1337 2731 1477 2766 πάλιν
1503 2752 1544 2757 -

844 2774 1052 2819 τρόπος]
1098 2777 1251 2811 Nonne
1290 2777 1434 2821 igitur
1475 2787 1545 2811 ea-

869 2820 966 2855 dem
1003 2821 1122 2857 ratio
1152 2824 1221 2856 est
1256 2822 1391 2856 etiam
1429 2821 1543 2861 eius,

869 2866 987 2908 quod
1013 2866 1163 2902 dolere
1187 2871 1425 2902 vocamus?
