1907 3230
563 169 899 207 PROTAGORAS.
924 169 963 207 P.
988 173 1054 204 349
1080 169 1145 205 ST.

1487 172 1567 214 159

144 269 249 325 μεθ’
283 269 390 312 ὅτου
419 269 728 324 βεβαιώσεται,
761 269 843 319 ἕως
873 266 929 311 ἂν
961 269 1136 325 ἐντύχῃ.
1193 269 1342 323 ὥσπερ
1374 270 1448 311 καὶ
1480 270 1564 324 ἐγώ

144 337 275 379 ἕνεκα
305 337 469 379 τούτου
500 336 570 379 σοὶ
600 335 739 390 ἡδέως
760 337 1020 390 διαλέγομαι
1049 339 1223 390 μᾶλλον
1253 333 1280 391 ἢ
1311 336 1433 393 ἄλλω
1463 340 1564 390 τινί,

143 403 391 458 ἡγούμενός
429 415 479 446 σε
513 403 706 457 βέλτιστ’
747 400 804 445 ἂν
843 403 1174 454 ἐπισκέψασθαι
1212 404 1286 445 καὶ
1331 403 1435 458 περὶ
1475 404 1565 447 τῶν

144 468 308 523 ἄλλων,
348 472 450 525 περὶ
489 465 554 512 οἷν
593 469 710 519 εἰκὸς
746 475 1016 512 σκοπεῖσθαι
1054 468 1132 511 τὸν
1173 471 1358 525 ἐπιεικῆ,
1398 469 1471 512 καὶ
1508 472 1562 526 δὴ

145 538 218 580 καὶ
249 538 353 593 περὶ
383 538 555 592 ἀρετῆς.
601 539 701 579 τίνα
730 537 816 591 γὰρ
847 536 986 579 ἄλλον
1016 533 1045 592 ἢ
1075 537 1144 592 σε’;
1178 536 1226 588 ὅς
1255 554 1305 592 γε
1337 537 1390 580 οὐ
1419 538 1562 591 μόνον

143 603 275 654 αὐτὸς
305 609 389 647 οἴει
419 603 552 654 καλὸς
584 603 784 658 κάγαθός
806 601 935 656 εἶναι,
967 603 1118 659 ὥσπερ
1140 606 1257 654 τινὲς
1277 605 1406 647 ἄλλοι
1429 603 1561 647 αὐτοὶ

141 672 225 726 μὲν
264 672 472 720 ἐπιεικεῖς
509 673 636 724 εἰσιν,
676 670 841 720 ἄλλους
879 671 927 714 δὲ
965 669 1021 713 οὐ
1062 671 1281 714 δύνανται
1311 679 1474 714 ποιεῖν·
1507 672 1564 714 σύ

143 738 192 781 δὲ
231 738 304 780 καὶ
342 737 476 787 αὐτὸς
516 737 689 792 α’γαθός
727 735 766 781 εἶ
802 738 876 780 καὶ
921 737 1087 787 ἄλλους
1125 733 1218 787 οἷός
1256 737 1296 780 τ’
1340 736 1381 781 εἷ
1417 746 1563 782 ποιεῖν

141 804 355 859 ἀγαθούς,
387 807 461 847 καὶ
491 804 608 847 οὕτω
640 808 938 855 πεπίστευκας
969 807 1131 860 σαυτῷ,
1164 803 1277 847 ὥστε
1308 807 1383 847 καὶ
1412 805 1564 848 ἄλλων

95 886 127 911 1ο
145 872 310 926 ταύτην
348 871 430 926 τὴν
468 872 627 927 τέχνην
665 871 1076 927 ἀποκρυπτομένων
1118 873 1176 914 σύ
1213 872 1256 926 γ’
1296 871 1563 928 ἀναφανδὸν

89 1220 120 1246 15

142 938 349 993 σεαυτόν,
388 937 782 994 ὑποκηρυξάμενος
806 941 866 989 εἰς
887 938 1055 988 πάντας
1084 938 1188 989 τοὺς
1214 939 1447 994 ’Ἐλληναῶ
1481 951 1560 981 σο-

141 1005 308 1061 φιστήν
345 1007 651 1060 ἐπονομάσας,
691 1005 883 1049 σεαυτὸν
922 1005 1155 1061 ἀπέφηνας
1183 1007 1457 1056 παιδεύσεως
1487 1009 1563 1049 καὶ

141 1072 302 1128 ἀρετῆς
333 1075 622 1127 διδάσκαλον,
663 1076 836 1127 πρῶτος
866 1073 1029 1116 τούτου
1060 1073 1228 1127 μισθὸν
1259 1073 1450 1125 ἀξιώσας
1480 1073 1565 1127 ἄρ-

141 1145 326 1183 νυσθαι.
379 1145 472 1190 πῶς
504 1134 586 1183 οὖν
618 1139 672 1183 οὔ
701 1152 751 1182 σε
782 1141 894 1195 χρῆν
925 1143 1203 1195 παρακαλεῖν
1235 1141 1308 1183 ἐπὶ
1338 1139 1421 1196 τήν
1451 1144 1560 1184 τού-

144 1224 234 1250 των
273 1208 432 1259 σκέψιν
472 1208 546 1250 καὶ
585 1209 759 1263 ἐρωτᾶν
796 1208 870 1249 καὶ
907 1204 1291 1260 ἀνακοινοῦσθαι,·
1333 1207 1416 1251 οὐκ
1462 1208 1560 1251 ἔσθ’

140 1274 260 1325 ὅπως
281 1273 347 1317 οὔ.
396 1276 469 1316 καὶ
491 1279 578 1317 νῦν
611 1275 664 1329 δὴ
699 1275 786 1329 ἐγώ
819 1276 984 1327 ἐκεῖνα,
1017 1275 1133 1329 ἅπερ
1164 1275 1213 1317 τὸ
1243 1291 1423 1328 πρωτον
1444 1273 1563 1331 η’ρω-

139 1358 230 1384 των
274 1343 377 1394 περὶ
426 1342 622 1396 τούτων,
677 1342 814 1384 πάλιν
860 1343 1067 1398 ἐπιθυμω
1113 1343 1158 1393 ἐξ
1202 1341 1339 1398 αρχῆς
1381 1360 1434 1385 τα
1479 1345 1562 1398 μὲν

139 1408 482 1464 αναμνησθῆναι
524 1424 644 1462 παρα
681 1416 788 1463 σοῦ,
827 1410 879 1451 τὰ
920 1409 969 1451 δὲ
1009 1411 1442 1460 συνδιασκέψασθαι.

887 1569 964 1600 ρας.
991 1556 1107 1590 Plene
1133 1556 1310 1609 deinceps
1337 1557 1403 1591 καὶ
1421 1551 1562 1597 ἅλλους

886 1621 928 1626 -
952 1605 1080 1636 ποιειν
1101 1598 1289 1655 αγαθούς.
1314 1601 1441 1637 Stallb.

933 1650 983 1682 10.
1019 1643 1304 1691 ἀναφανδὸν
1330 1658 1360 1681 σ.
1387 1643 1561 1691 ὑποκη-

886 1688 1197 1734 ρυξάμενος-
1201 1691 1383 1736 ]palam
1401 1693 1460 1733 10,
1480 1702 1563 1736 per

184 1560 217 1591 3.
244 1551 508 1603 ἡγούμενός
534 1567 580 1590 σε
602 1553 812 1610 βέλτιστ’

141 1597 212 1644 αν]
237 1599 440 1645 Participio
466 1600 558 1634 illud
590 1598 702 1636 ἕνεκα
733 1601 816 1636 τού-

140 1658 206 1680 του
232 1644 486 1702 explicatur.
474 1645 610 1683 Phaed.
630 1658 665 1691 p.
686 1646 814 1681 102D:

140 1689 236 1734 λέγω
263 1692 304 1725 δε
330 1687 440 1725 τοῦδ’
474 1689 601 1744 ἕνεκα,
617 1688 812 1747 βουλόμε-

139 1748 202 1775 νος
235 1733 348 1779 δόξαι
384 1747 443 1769 σοι
480 1747 572 1779 οπερ
610 1733 712 1780 ἐμοί,
752 1736 816 1770 ubi

137 1780 269 1827 plura
272 1779 376 1814 dedit
399 1779 633 1817 Heindorf

183 1829 214 1860 5.
253 1821 302 1864 ός
334 1836 381 1868 γε
413 1821 464 1858 οὐ
497 1823 654 1870 μόνον]
688 1824 815 1859 Oratio

137 1870 192 1903 ita
232 1869 397 1904 debebat
434 1869 656 1927 procedere.
696 1866 737 1910 ὅς
773 1882 815 1924 γε

139 1912 184 1949 ου’
211 1910 332 1972 μόνον
357 1911 474 1954 αυτὸς
500 1916 573 1949 οἴει
599 1912 715 1954 καλὸς
747 1912 815 1948 uo}—

138 1956 289 2013 γαθὸς
295 1963 414 2000 εἰναι,
453 1955 552 1994 ἄλλα
581 1959 646 1993 καὶ
677 1957 816 1999 ἄλλους

139 2001 218 2044 οἷός
254 2001 289 2043 τ,’
329 2002 365 2038 εἶ
398 2009 539 2058 ποιεῖν,
567 2002 653 2061 οὑξ
693 2017 816 2049 ωσπερ

137 2047 239 2088 τινὲς
265 2045 373 2083 ἄλλοι
400 2046 511 2084 αὐτοὶ
536 2063 606 2101 μεν
633 2054 815 2089 επιεικεῑς

139 2093 258 2136 εἰσιν,
296 2088 436 2134 ἄλλους
469 2093 510 2129 δὲ
544 2090 588 2128 οὗ
621 2093 812 2130 δύνανται

137 2142 276 2173 ποιεῖν.
333 2138 405 2173 Sed
432 2139 618 2192 quoniam
658 2140 732 2174 his·
771 2135 812 2179 ὅς

138 2184 327 2233 γε-οἰέι
352 2181 469 2224 καλὸς
495 2180 671 2234 κάγαθὸς
698 2185 811 2226 εἶναι,

139 2228 265 2263 statim
283 2228 459 2263 subiecit.
487 2241 611 2273 ωσπερ
629 2229 731 2270 τινὲς
749 2227 813 2264 ἅλ-

140 2276 196 2308 λοι
222 2293 265 2298 —-
291 2272 482 2308 δύνανται
511 2278 655 2316 ποιεῖν,
686 2274 815 2308 relicta

138 2318 336 2353 inchoatae
350 2319 528 2353 orationis
540 2319 815 2353 constructione

139 2363 330 2419 superiora
354 2364 475 2398 denuo
490 2366 680 2418 repetens
690 2363 814 2417 pergit

139 2407 184 2443 σὺ
222 2407 264 2443 δὲ
301 2409 366 2443 καὶ
405 2405 521 2448 αυτὸς
554 2408 577 2442 ά
581 2407 706 2453 γαθὸς
737 2405 811 2443 κτὲ.

141 2454 252 2497 atque
284 2464 349 2497 per
380 2423 631 2488 anacoluthon
667 2455 814 2488 senten-

139 2498 230 2532 tiam
258 2498 427 2533 absolvit.
478 2498 650 2533 Ceterum
676 2499 724 2532 ad
749 2496 813 2532 α’λ-

139 2546 227 2584 λους
249 2541 291 2578 δὲ
318 2542 362 2578 οὐ
389 2541 573 2579 δύνανται
600 2548 727 2578 ποιεῖν
752 2554 816 2588 ap-

167 2589 249 2623 aret
288 2589 410 2623 denuo
446 2588 607 2633 intelligi
643 2589 815 2645 oportere

140 2638 333 2673 επιεικεις.
371 2634 411 2671 Ρ,
437 2638 501 2668 312
527 2634 572 2668 E:
599 2635 638 2668 τί
662 2631 711 2691 δή
738 2631 815 2668 ἔστι

140 2678 252 2714 τοῦτο
290 2680 376 2723 περὶ
402 2679 445 2714 οὐ
473 2677 585 2719 αυτός
603 2691 642 2714 τε
663 2676 814 2731 ἐπιστῇ-

138 2736 219 2767 μων
250 2724 351 2760 εστὶν
383 2722 401 2759 ὁ
434 2721 618 2768 σοφιστὴς
648 2724 713 2759 καὶ
748 2722 816 2758 τὸν

139 2766 321 2820 μαθητὴν
347 2774 468 2823 ποιεῖ;
497 2768 608 2813 Gorg.
629 2781 663 2813 p.
682 2769 813 2803 449Α.

140 2809 281 2848 οὐκοῦν
325 2814 390 2849 καὶ
427 2811 567 2853 ἄλλους
603 2826 643 2849 σε
681 2816 815 2871 φῶμεν

140 2857 306 2893 δυνατὸν
335 2858 435 2894 εἶναι
460 2862 604 2902 ποιεῖν;
631 2870 678 2894 so
707 2858 814 2903 ῥ’ήτο-

885 1746 1135 1781 praecones
1160 1737 1466 1780 pronuntians
1483 1746 1562 1779 per

887 1791 1037 1815 omnes
1062 1781 1279 1823 Graecos,
1305 1781 1562 1825 sophistam

887 1836 972 1869 pp
949 1826 1133 1869 pellans
1159 1837 1203 1860 ex
1229 1825 1297 1859 hac
1322 1830 1419 1868 arte,
1450 1836 1562 1869 quam

886 1870 951 1903 alii
976 1871 1111 1913 celant,
1138 1871 1183 1905 cf.
1207 1881 1242 1914 Ρ
1260 1870 1563 1905 316D—317B.

885 1912 1563 1973 Τ110111101.01·.13.Ρ.16·2Αεέγγύς

886 1973 919 1993 τι
969 1962 1166 2005 Προδίκου
1214 1961 1281 1995 τοῦ
1329 1962 1448 1995 Κειου
1495 1960 1565 1995 και

886 1975 1143 2058 Πρωταγόρου
1161 2006 1228 2040 τοῦ
1243 2001 1475 2050 Ἀβδηρίτου,
1494 2005 1561 2039 καὶ

885 2046 968 2085 όσοι
1101 2054 1187 2090 ναῖς
1241 2055 1324 2090 ταῖς
1363 2053 1563 2104 κεφαλαῖς

882 2098 931 2140 (v.
956 2064 1114 2132 Ρὴῆθοῗι.
1140 2107 1176 2140 p
1202 2095 1324 2137 243B)
1315 2091 1562 2148 )ἆνεκήρυτ·

883 2153 963 2186 τον
980 2137 1145 2180 ἕαυτους
1177 2139 1224 2175 ἔν
1255 2154 1356 2179 τοις
1382 2136 1564 2183 Ελλησιν

883 2183 945 2221 ἐπὶ
982 2186 1026 2231 τῇ
1066 2186 1198 2230 σοφία.
1255 2185 1300 2219 de
1337 2196 1467 2230 praep.
1508 2183 1563 2224 εἰς

884 2230 958 2265 vid.
991 2222 1037 2265 ad
1069 2241 1105 2273 p.
1138 2234 1204 2264 312
1230 2231 1262 2263 A
1287 2231 1325 2264 et
1350 2229 1494 2265 MeneX.
1525 2241 1567 2273 p.

884 2279 950 2310 239
975 2275 1019 2311 A.

933 2324 983 2355 13.
1024 2322 1198 2372 πρῶτος
1230 2339 1272 2344 --
1305 2316 1559 2372 α’ρνυσθαι]

883 2365 923 2399 Ρ.
949 2369 1014 2400 328
1032 2365 1079 2399 B·
1110 2360 1225 2407 ἀξίως
1252 2367 1319 2419 τοῦ
1345 2366 1490 2409 μισθοῦ
1516 2378 1561 2400 ον

884 2422 1118 2460 πραττομαι,
1168 2410 1233 2444 καὶ
1276 2409 1331 2444 ἔτι
1371 2411 1562 2452 πλείονος,

885 2454 948 2488 ubi
972 2467 1005 2489 v.
1032 2465 1120 2490 ann.
1147 2454 1248 2491 Conf
1275 2455 1372 2491 Men.
1397 2466 1433 2498 p.
1461 2455 1560 2491 911).

884 2499 1038 2537 theaet
1069 2511 1106 2545 p.
1136 2503 1194 2534 161
1225 2500 1267 2535 D
1293 2499 1338 2534 al.
1387 2500 1562 2533 Ceterum

885 2544 1011 2578 illudit
1045 2544 1233 2589 sophistae
1277 2544 1560 2589 magniloquen—

885 2589 977 2623 tiam
993 2591 1149 2644 poetico
1174 2590 1244 2623 hoc
1263 2589 1408 2623 dicendi
1425 2600 1561 2634 genere

884 2632 1038 2692 μισθὸν
1053 2632 1257 2694 ἄρνυσθαι
1285 2633 1413 2671 Stallb

931 2683 982 2713 14.
1020 2677 1096 2715 ἐπὶ
1134 2678 1220 2723 τὴν
1252 2678 1425 2714 τούτων
1459 2675 1561 2714 σκέ-

884 2724 983 2769 ψιν]
1011 2725 1059 2759 ad
1084 2725 1181 2759 hanc
1198 2724 1466 2767 quaestionem,
1494 2723 1561 2758 int.

885 2769 930 2803 de
964 2768 1111 2807 virtute
1154 2771 1278 2804 ταῦτα
1311 2781 1425 2814 quum
1457 2768 1562 2811 dixit,

886 2814 1048 2866 singulas
1073 2814 1222 2849 virtutis
1254 2817 1380 2858 partes
1407 2810 1467 2857 (τὰ
1495 2815 1561 2857 τῆς

886 2854 1037 2904 αρετῆς)
1062 2859 1257 2894 intellexit.

1588 482 1617 516 Ε

1588 949 1654 981 349

1501 1405 1615 1465 ἧνΒ
