1939 3214
364 163 418 206 98
948 161 1192 198 PLATONIS

364 261 486 319 οἶμαι
528 263 612 319 μὲν
656 262 734 318 οὔ,
780 262 893 305 ἀλλὰ
933 262 1039 305 ὅτου
1084 264 1242 318 ἔτυχεν
1281 262 1304 305 ὁ
1341 262 1438 312 υίὸς
1483 262 1783 319 εὐφυέστατος

319 332 345 368 C
369 332 610 386 γενόμενος
641 332 702 381 εἰς
732 329 932 386 αὔλησιν,
964 325 1095 380 οὗτος
1124 329 1182 373 ἄν
1205 329 1438 384 ἐλλόγιμος
1456 329 1642 387 ηὐξήθη,
1674 331 1782 374 ὅτου

365 399 414 441 δὲ
452 398 622 454 ἀφυής,
662 397 844 453 ‹inst-5²59·
886 399 960 440 καὶ
997 399 1213 447 πολλάκις
1248 398 1332 452 μὲν
1369 396 1546 452 ἀγαθοῦ
1585 398 1781 454 αὐλητοῦ

365 469 538 521 φαῦλος
559 465 617 507 ἂν
648 464 806 520 ἀπέβη,
838 468 1052 516 πολλάκις
1083 465 1123 508 δ’
1158 464 1216 507 ἄν
1246 465 1426 520 φαύλου
1458 464 1644 520 ἀγαθός·
1679 466 1777 509 ἀλλ’

365 529 450 576 οὖν
488 532 682 588 αὐληταί
713 531 758 587 γ’
797 530 856 575 ἄν
894 535 1059 582 πάντες
1095 525 1212 587 ἦσαν
1250 533 1397 574 ἱκανοὶ
1435 531 1493 582 ὥς
1531 532 1642 589 πρὸς
1677 533 1782 584 τοὺς

365 601 543 651 ἰδιώτας
575 599 649 643 καὶ
679 601 820 656 μηδὲν
851 599 1079 655 αὐλήσεως
1110 600 1359 650 ἐπαΐοντας.
1410 599 1549 651 οὕτως
1578 604 1679 643 οἰόυ
1710 599 1783 644 καὶ

363 671 464 723 νῦν,
506 667 626 717 ὅστις
664 679 735 710 σοι
773 666 1044 717 ἀδικωτατος
1081 669 1290 722 φαινεται
1332 667 1574 723 ἄνθρωπος
1610 669 1702 710 τῶν
1734 668 1784 710 ἐν

478 762 511 793 4.
540 755 635 793 αλλ’
663 753 744 793 οὖν
769 778 812 783 -
838 754 870 815 γ’
905 755 962 793 ἂν
988 757 1196 792 Nattmann
1222 758 1267 794 de
1293 758 1388 794 Plat
1414 759 1515 794 Prot.
1542 770 1578 802 Ρ
1608 762 1666 815 1⁷²²
1695 753 1779 793 ἀλλ’

366 797 434 840 οὐν
452 825 495 829 -
492 805 616 857 ,γοῦν
625 803 706 838 ΒΤ.
779 808 811 840 7.
840 801 887 838 ἐν
913 798 1077 848 νόμοις
1101 817 1180 838 και
1205 801 1475 847 ἀνθρώποις
1499 804 1583 838 ΒΤ·
1611 800 1651 838 ἐν
1683 802 1785 840 ἐννό-

364 863 449 906 μοις
481 844 705 903 ἀνθρώποις
737 848 895 889 Schanz,
933 848 1034 893 quod
1068 849 1277 884 sententiae
1313 849 1436 883 minus
1469 849 1658 890 convenit,
1695 860 1783 883 nam

364 894 518 939 ἔννομοι
544 890 748 938 ἄνθρωποι
779 905 852 929 non
895 896 978 928 sunt
1008 893 1176 928 homines
1208 895 1274 928 sub
1306 894 1390 938 lege
1422 894 1588 929 viventes
1618 894 1683 928 sed
1707 893 1784 938 legi

366 951 433 974 sua
457 940 590 984 sponte
615 939 791 983 parentes
823 949 960 992 eosque
993 939 1102 974 Plato
1128 939 1173 974 de
1199 950 1275 990 rep.
1303 944 1368 974 424
1392 939 1421 973 Ε
1447 951 1529 974 cum
1555 940 1783 979 σπουδαίοις

365 985 573 1036 coniungit,
606 985 644 1017 et
674 984 789 1018 verba
819 981 860 1018 ἑν
890 983 1023 1029 νόμοις
1054 985 1263 1018 necessaria
1286 986 1388 1028 sunt,
1423 984 1607 1028 exstingui
1632 985 1785 1028 possent

363 1031 535 1074 proxima
564 1028 630 1064 καὶ
663 1024 907 1082 ἀνθρώποις,
941 1029 986 1063 cf
1012 1028 1180 1073 Xenoph.
1206 1029 1360 1064 Memor.
1386 1029 1438 1063 ΙΙΙ
1463 1033 1496 1071 9,
1524 1034 1560 1069 1,
1596 1028 1662 1063 sed
1691 1028 1784 1062 nihil

363 1074 584 1108 mutandum
606 1084 675 1108 nec
700 1069 954 1127 ἀνθρώποις,
960 1074 1003 1108 ut
1027 1072 1146 1108 Cobet
1170 1074 1261 1115 vult,
1287 1074 1570 1127 praefigendum
1595 1076 1784 1132 νομίμοις,

365 1131 400 1157 v.
431 1131 468 1171 Ρ.
494 1123 559 1154 323
586 1118 611 1153 C
640 1116 906 1164 (δικαιοσύνης
932 1114 1145 1163 ἀναγκαῖον
1171 1114 1397 1163 μετέχειν)
1384 1115 1406 1163 ἠ
1433 1117 1484 1163 μὴ
1513 1123 1614 1154 εἰναι
1640 1117 1685 1155 έν
1711 1117 1786 1154 ἄν·

364 1161 588 1209 θρώποις

409 1247 441 1279 2
491 1255 626 1282 ουτος
675 1255 733 1276 αν
791 1239 1038 1297 ἐλλόγιμος

364 1285 808 1344 ηὗξήθη]1.θ,οὑτος
841 1301 889 1321 αν
921 1283 1038 1331 ηὐξή-

363 1337 419 1377 θη
446 1329 539 1367 ὥστε
564 1329 684 1376 ἐλλόγ.
702 1333 918 1377 γίγνεσθαι.
951 1332 1037 1366 Fre-

364 1389 482 1421 quens
519 1378 575 1411 est
609 1377 702 1412 haec
732 1378 932 1412 verborum
970 1373 1038 1412 αὔ-

365 1426 459 1466 ξειν,
493 1423 628 1466 αἴρειν,
654 1425 794 1464 τελεῖν,
819 1422 1035 1463 παιδεύειν,

365 1466 580 1510 διδάσκειν,
606 1467 652 1502 al.
671 1468 909 1509 constructio,
927 1478 1040 1510 quam

1109 1243 1147 1277 et
1172 1240 1276 1288 οἶμαι
1304 1241 1374 1287 μὲν
1403 1238 1517 1294 011λεί
1535 1242 1665 1277 civitas
1684 1243 1784 1277 stare

1108 1298 1182 1322 non
1221 1289 1366 1338 posset,
1408 1288 1479 1322 nisi
1519 1298 1646 1322 omnes
1686 1288 1784 1322 cives

1109 1335 1233 1367 essent
1256 1332 1440 1383 tibicines,
1465 1334 1582 1367 artem
1607 1332 1702 1367 tibia
1726 1343 1785 1367 ca-

1109 1378 1222 1412 nendi
1269 1377 1410 1412 nemini
1451 1378 1681 1420 defuturam,
1729 1377 1784 1412 ita

1109 1434 1207 1457 nunc
1244 1433 1391 1466 quoque
1431 1423 1619 1461 existima,
1658 1433 1785 1465 quum,

1110 1469 1152 1502 ut
1176 1467 1347 1510 vidimus,
1373 1467 1552 1502 iustitiam
1577 1468 1615 1501 in
1642 1467 1787 1502 civibus

364 1512 604 1557 grammatici
634 1513 828 1557 appellant
852 1513 1041 1557 prolepsin

365 1557 554 1593 adiectivi.
604 1557 894 1592 Demosthen.
928 1568 979 1594 or
1010 1562 1042 1600 2,

365 1608 402 1639 5:
441 1602 781 1646 παρακρουόμενος
817 1602 935 1646 μέγας
971 1604 1042 1637 νῦν

363 1646 536 1693 ηὐξήθη.
576 1648 687 1682 Plat.
714 1648 758 1682 de
776 1647 927 1702 republ.
953 1647 1040 1681 VIII

363 1705 400 1738 Ρ.
427 1697 493 1728 565
518 1692 564 1727 C:
604 1691 673 1727 ένα
702 1689 790 1727 τινὰ
823 1690 887 1728 αἐὶ
920 1692 1040 1746 δῆμος

365 1740 508 1775 εἴωθε.
528 1737 711 1781 ,τρέφειν
741 1750 780 1772 τε
813 1738 879 1772 καὶ
906 1735 1039 1779 αὔξειν

365 1782 496 1839 μέγαν.
523 1782 730 1826 Aeschyl.
751 1783 886 1838 Agam
905 1794 939 1820 v
960 1785 1040 1816 761:

363 1827 734 1926 ᾕέεζὲζ1ἶὲλεῖῗεξττ5Ὗ
745 1825 951 1907 οῗξῖἒὶσῗέ
959 1839 1040 1907 ‘¹051

365 1915 480 1962 φούς
519 1918 659 1952 redde
697 1918 950 1962 sapientes,
995 1917 1040 1952 de

365 1962 1041 2052 11ἒῖοἰθέἒῖῧῐέἃῗέῗῖξοὲοέἲέἒῑῗ

366 2052 628 2097 Comparativo
660 2064 746 2086 usus
778 2054 834 2086 est
858 2052 966 2086 Plato
993 2051 1039 2086 de

364 2099 439 2143 leg.
479 2110 513 2140 p
551 2098 690 2132 681A:
739 2099 812 2131 τῶν
854 2094 1040 2140 οἰκήσεων

395 2141 548 2186 ειζόνων
564 2138 848 2196 αὐξανομένων.
874 2141 1039 2196 Thucyd

365 2157 416 2222 ILV
445 2191 523 2222 171:
561 2186 649 2227 τοὺς
687 2186 822 2232 λόγους
858 2185 1041 2232 μακροτέ-

367 2246 456 2277 ρους
481 2229 524 2267 οὗ
550 2246 810 2277 μηκυνουμεν.

411 2283 442 2314 3.
475 2277 662 2335 ἀκλεής]
694 2289 769 2332 per
800 2288 958 2322 zeugma
988 2277 1041 2311 in-

366 2323 613 2377 telligendum
639 2321 802 2367 ἐγένετο.

411 2373 444 2402 4.
494 2364 592 2402 ἄλλ’
636 2367 716 2403 οὐν
757 2364 958 2423 αὐληταί
1002 2363 1038 2412 γ’

368 2408 439 2458 div]
476 2413 666 2456 Frequens
703 2410 790 2448 ἀλλ’
823 2426 893 2448 ουν
920 2432 960 2436 -
987 2424 1040 2465 γε.

368 2458 589 2515 8οΡ11131ὶ.Ρ,
618 2457 744 2492 2540:
772 2455 861 2493 ἀλλ’
890 2451 958 2492 οὖν
984 2455 1043 2491 λό-

367 2516 551 2593 ἤέξαγεᾼ
562 2501 734 2583 {stiffi
749 2501 1042 2604 ἕξδέἴιιῗιῖᾖῖ

370 2593 438 2628 οὐν
463 2607 490 2627 π
493 2591 725 2638 ροβοὶλλεταί
753 2592 795 2637 γέ
819 2607 854 2627 τι
879 2590 951 2647 πρὸ
977 2591 1045 2635 τῆς

370 2638 568 2691 αἰσχύνης.
606 2638 652 2672 al.
683 2637 826 2672 Deinde
864 2652 913 2677 ως
950 2638 1045 2682 πρὸς

368 2681 457 2723 τοὺς
484 2682 534 2717 ἰὸ.
561 2684 633 2717 est:
667 2684 703 2716 si
733 2693 828 2716 cum
852 2682 1045 2717 rudibus

370 2733 700 2779 comparentur
728 2727 856 2762 Stallb.

415 2776 445 2809 6.
472 2768 617 2812 οὕτως
642 2773 745 2807 οἴου
768 2773 849 2807 καὶ
876 2773 972 2816 νυν]
999 2772 1043 2807 H.

371 2828 402 2852 e.
435 2817 751 2871 quemadmodum
784 2817 903 2852 credis
936 2819 982 2861 (v.
1008 2829 1044 2873 p.

371 2866 435 2897 327
460 2861 508 2896 B:
543 2863 615 2897 οἴει
647 2859 697 2897 οἶν
730 2876 763 2897 τι
797 2864 941 2907 μᾶλλον
966 2860 1043 2897 κτὲ.

1113 1513 1284 1547 omnibus
1323 1512 1445 1547 inesse
1486 1514 1678 1556 oporteat,
1721 1512 1785 1555 qui

1111 1558 1182 1592 tibi
1215 1558 1389 1592 videatur
1423 1558 1701 1600 iniustissimus,
1728 1558 1783 1591 iu-

1112 1603 1252 1636 stitiam
1286 1613 1371 1637 eum
1396 1613 1470 1637 non
1495 1603 1661 1640 deficere
1709 1602 1784 1636 Ita-

1111 1659 1182 1697 que
1221 1648 1259 1681 in
1301 1647 1422 1682 verbis
1463 1649 1617 1682 δίκαιον
1663 1644 1784 1682 αυτὸν

1112 1691 1213 1727 εἶναι
1230 1693 1361 1737 partic
1380 1689 1442 1735 ἄν,
1469 1703 1580 1736 quam
1606 1692 1786 1727 excidisse

1110 1737 1263 1780 quidam
1290 1737 1462 1772 arbitrati
1487 1740 1583 1780 sunt,
1609 1748 1677 1781 per
1701 1748 1784 1771 sen-

1109 1783 1251 1817 tentiae
1283 1783 1467 1817 rationem
1499 1794 1546 1817 ne
1576 1765 1666 1817 ’ferri
1705 1782 1785 1825 qui-

1110 1828 1195 1862 dem
1220 1829 1355 1872 potest.

1163 1877 1194 1909 7.
1244 1875 1332 1907 τῶν
1387 1870 1433 1907 ἐν
1488 1871 1652 1917 νόμοις
1706 1871 1784 1906 καὶ

1113 1916 1232 1962 ανθρ
1242 1916 1383 1957 τόποις
1430 1915 1782 1961 τεθραμμένων]

1110 1932 1271 2012 Egregie
1308 1965 1400 1996 haec
1436 1962 1673 1996 illustrantur
1708 1961 1783 1995 Iso-

1112 2007 1221 2042 cratis
1246 2007 1327 2041 loco
1345 2018 1399 2042 or.
1414 2006 1449 2040 II
1463 2006 1550 2048 2,111
1568 2017 1640 2049 quo
1659 2008 1785 2040 orator

1110 2063 1187 2094 eos,
1225 2052 1289 2095 qui
1318 2052 1417 2086 inter
1448 2051 1616 2086 homines
1640 2052 1782 2094 vivunt,

1109 2097 1235 2131 multis
1266 2097 1377 2131 rebus
1409 2097 1456 2131 ad
1486 2096 1663 2130 virtutem
1688 2107 1784 2130 com-

1109 2142 1316 2195 parandam
1353 2141 1520 2176 adiuvari
1561 2141 1667 2176 dicit:
1706 2139 1783 2176 ἐστὶ

1110 2185 1228 2222 πολλὰ
1263 2201 1308 2221 τα
1334 2183 1573 2221 παιδεύοντα
1599 2183 1788 2230 (αυτούς),

1111 2231 1276 2287 μαλιστα
1297 2245 1377 2290 μεν
1408 2230 1450 2266 τὸ
1482 2228 1534 2274 μὴ
1563 2231 1714 2287 τρυφᾶν
1740 2257 1748 2265 .
1776 2257 1783 2265 .

1113 2275 1243 2313 ἐμπειθ
1270 2276 1310 2312 οἴ
1325 2273 1458 2330 νόμοι.
1478 2275 1556 2314 ,ἔτι
1583 2274 1621 2310 δ’
1644 2273 1784 2332 ἡπαρ-

1111 2324 1225 2367 ρησία
1256 2323 1321 2357 καὶ
1354 2320 1396 2357 τὸ
1429 2322 1604 2377 φανερῶς
1637 2319 1784 2364 ἐξεῖναι

1111 2373 1191 2408 τοῖς
1228 2380 1268 2402 τε
1306 2369 1435 2412 φίλοις
1477 2364 1683 2421 ἐπιπλῆξαι
1718 2367 1785 2401 καὶ

1111 2417 1191 2452 τοῖς
1230 2410 1395 2466 ἐχθροῖς
1443 2409 1659 2446 ἐπιθέσθαι
1700 2415 1787 2451 ταῖς

1111 2453 1284 2502 ἀλλήλων
1323 2454 1526 2507 αμαρτίαις
1551 2453 1628 2493 κτὲ.
1677 2455 1784 2490 Eius·

1113 2503 1214 2537 modi
1232 2501 1504 2536 admonitiones
1530 2503 1569 2535 et
1594 2502 1784 2536 coercitio-

1111 2560 1177 2583 nes
1213 2547 1317 2581 nulla
1347 2546 1430 2590 lege
1463 2546 1687 2581 constitutae
1723 2541 1784 2580 h'ie

1115 2593 1201 2627 sunt
1233 2591 1520 2635 intelligendae,
1555 2591 1688 2635 quibus
1719 2591 1784 2625 ho-

1114 2639 1229 2672 mines
1247 2637 1294 2671 ab
1311 2637 1523 2670 hominibus
1536 2636 1656 2686 magis
1670 2646 1783 2679 quam

1114 2683 1176 2726 leg
1177 2682 1259 2716 ibus
1286 2681 1534 2732 corriguntur.
1573 2680 1655 2715 Tali
1671 2680 1782 2714 modo

1113 2727 1260 2762 educati
1283 2727 1321 2760 in
1345 2726 1522 2770 proximis
1548 2727 1787 2778 opponuntur

1114 2771 1323 2816 agrestibus
1347 2771 1559 2806 hominibus
1585 2768 1783 2821 σπρραδην

1115 2820 1152 2852 et
1183 2828 1259 2851 sme
1290 2816 1375 2861 lege
1408 2818 1446 2851 et
1476 2815 1663 2850 societatis
1695 2826 1785 2850 cura

1117 2862 1362 2906 degentibus,
1427 2862 1555 2905 quales
1616 2861 1785 2895 homines
