1907 3230
93 885 125 911 10

559 165 898 201 PROTAGORAS.
923 165 964 200 P.
991 169 1054 200 331
1082 164 1136 199 St.
1481 167 1561 209 109

146 283 295 320 τατον,
328 266 401 309 καὶ
431 267 621 321 μάλιστα
651 267 833 308 πάντων
863 265 890 320 ἥ
919 281 965 308 τε
985 262 1248 320 δικαιοσύνη
1269 259 1366 307 οἷον
1388 263 1563 321 ὁσιότης

147 335 222 377 καὶ
251 333 276 388 ἡ
308 331 479 386 ὁσιότης
509 327 606 376 οἷον
637 333 912 387 δικαιοσύνη.
967 331 1066 374 ἀλλ’
1099 331 1198 386 ὅρα,
1231 333 1271 373 εἰ
1299 333 1562 383 διακωλύεις

147 399 483 455 ἀποκρίνεσθαι,
514 397 542 455 ἢ
574 398 648 441 καὶ
678 398 750 441 σοὶ
779 401 995 441 συνδοκεῖ
1021 398 1176 448 οὕτως.
1240 397 1306 440 Οὐ
1336 400 1458 441 πάνυ
1486 415 1562 452 μοι

147 469 290 520 δοκεῖ,
328 470 436 522 ἔφη,
477 484 510 509 ω
550 466 809 520 Σώκρατες,
853 464 994 515 οὕτως
1038 463 1214 508 ἁπλοῦν
1262 463 1398 520 εἶναι,
1447 465 1562 508 ὥστε
1587 469 1612 504 C

149 539 432 589 συγχωρῆσαι
474 534 555 588 τήν
597 549 643 575 τε
689 534 985 589 δικαιοσύνην
1028 532 1154 576 ὅσιον
1198 529 1314 575 εἶναι
1360 549 1435 574 και
1477 532 1562 587 τὴν

147 600 356 657 ὁσιότητα
387 603 584 654 δίκαιον,
626 599 738 642 ἄλλα
776 604 823 642 τί
846 617 922 655 μοι
953 602 1081 643 δοκεῖ
1108 601 1158 643 ἐν
1189 598 1308 654 αὐτῷ
1340 600 1562 655 διάφορον

148 666 275 711 εἶναι.
321 667 435 711 ἀλλὰ
455 670 499 708 τί
516 670 648 709 τοῦτο
669 669 891 723 διαφέρεις
924 670 1028 723 ε’φη·
1061 669 1102 709 εἰ
1127 669 1214 721 γὰρ
1246 667 1416 721 βούλει,
1449 669 1560 709 ε”στω

145 735 253 791 ἡμῖν
283 752 355 777 και
386 734 649 789 δικαιοσύνη
681 734 807 777 ὅσιον
837 734 911 777 καὶ
941 733 1116 790 ὁσιότης
1136 735 1324 776 δίκαι.ον
1375 736 1450 788 Μή
1471 750 1561 789 μοι,

146 805 204 857 ἠν
235 801 274 843 δ’
309 803 412 855 ἐγώ·
453 799 588 843 οὐδὲν
618 818 702 857 γαρ
734 802 888 856 δέομαι
917 801 974 844 τὸ
1012 803 1060 844 εἰ
1095 802 1294 855 βούλει
1325 804 1457 842 τοῦτο
1487 801 1563 842 καὶ

150 872 202 911 εἰ
238 879 326 910 σοι
363 870 521 910 δοκεῖ
549 868 830 923 ἐλέγχεσθαι,
870 867 970 910 ἀλλ’
1013 869 1091 922 ε’μέ
1125 884 1173 910 τε
1203 869 1277 909 καὶ
1308 869 1486 911 σέ.τό
1518 867 1559 910 δ’

147 935 238 991 ἐμέ
275 951 328 977 τε
367 936 457 977 καὶ
497 935 557 977 σε’
589 939 720 978 τοῦτο
760 937 895 990 λέγω,
935 936 1138 990 οἰόμενος
1169 934 1286 977 οὕτω
1316 934 1395 977 τὸν
1425 937 1563 990 λόγον

145 1002 336 1057 βέλτιστ’
368 1001 427 1044 ἄν
458 1003 735 1058 ἐλέγχεσθαι,
768 1007 812 1046 εἴ
834 1020 900 1053 τις
920 1003 969 1046 τὸ
992 1004 1033 1045 εἰ
1052 1002 1209 1058 ἀφέλοι
1230 1000 1384 1045 αὐτοῦ.
1425 1001 1557 1044 Ἀλλὰ
1582 1005 1613 1039 D

146 1071 319 1123 μέντοι,
358 1063 385 1124 ἦ
417 1069 460 1111 δ’
493 1069 563 1123 ὅς,
602 1070 840 1124 προσέοικε
867 1086 907 1112 τι
938 1070 1203 1124 δικαιοσύνη
1237 1068 1452 1125 ὁσιότητι·
1487 1070 1560 1112 καὶ

145 1137 231 1191 γὰρ
263 1137 415 1179 ὁτιοῦν
446 1134 617 1192 ὁτῳοῦν
647 1136 737 1192 ἁμῇ
767 1138 820 1190 γε’
847 1151 907 1192 πῃ
929 1138 1175 1191 προσέοικε.
1219 1136 1269 1178 τὸ
1289 1136 1375 1190 γὰρ
1398 1135 1562 1179 λευκὸν
1592 1159 1598 1190 1
1735 1190 1738 1194 .

259 1265 289 1295 3.
297 1256 667 1312 ἀποκρίνεσθαι
694 1262 741 1294 B:
768 1258 1114 1304 ἄποκρίνασθαιῬ.

147 1302 238 1340 οὐδε
264 1302 336 1348 γὰρ
360 1304 400 1341 Β

147 1427 220 1467 quo
238 1417 335 1450 hunc
353 1417 542 1467 dialogum
559 1416 718 1462 scripsit,
737 1417 817 1460 ipse

146 1462 307 1505 quinque
326 1461 485 1497 virtutes
509 1461 818 1507 comprobaverit,

146 1506 186 1540 id
210 1517 253 1541 eo
278 1506 397 1541 minus
422 1518 489 1551 pro
516 1509 615 1541 certo
641 1507 819 1541 affirmari

145 1552 287 1596 potest,
330 1552 430 1594 quod
464 1564 501 1597 p.
532 1556 596 1586 361
628 1551 657 1585 Β
697 1552 818 1595 pietas

145 1596 406 1641 praetermissa
431 1600 508 1639 est,
542 1597 587 1631 de
619 1607 694 1639 qua
717 1607 756 1630 re
781 1608 814 1631 v.

145 1641 352 1685 prolegom.
366 1653 401 1686 p
416 1645 470 1677 26.
506 1641 650 1675 Nomen
668 1638 816 1675 δικαιό-

145 1699 213 1729 της
237 1686 285 1720 ad
309 1686 591 1720 similitudinem
623 1685 689 1729 τῆς
715 1683 816 1720 ὁσιό-

146 1743 257 1774 τητος
293 1731 494 1765 formatum
534 1730 672 1774 legitur
703 1731 816 1765 etiam

147 1774 260 1819 Gorg.
277 1787 312 1820 p
333 1779 397 1811 508
416 1779 453 1813 Α
479 1775 620 1809 Eadem
638 1775 683 1809 de
702 1785 814 1809 causa

147 1804 274 1855 Cicero
301 1820 613 1855 desiderationem
636 1830 705 1864 pro
724 1820 817 1854 desi—

146 1864 250 1899 derio
282 1865 407 1908 posuit
431 1865 509 1902 Cat
534 1864 620 1901 Mai
645 1864 731 1897 XIV
755 1869 817 1898 47:

147 1920 221 1944 non
246 1915 303 1943 est
326 1910 561 1960 voluptatum
586 1910 693 1943 tanta
709 1911 818 1952 quasi

145 1953 312 1988 titillatio
335 1966 374 1988 111
397 1955 557 1989 senibus.
596 1954 728 1995 Credo,
753 1954 817 1988 sed

146 2009 192 2033 110
219 1999 442 2034 desideratio
469 1999 630 2043 quidem.

193 2047 226 2078 1.
265 2045 344 2078 και
381 2044 594 2094 μάλιστα.
613 2041 813 2088 παντων]

147 2087 318 2123 Socrates
343 2090 382 2123 et
405 2100 471 2124 suo
496 2089 646 2123 nomine
673 2090 711 2123 et
727 2088 816 2123 Pro-

147 2134 322 2177 tagorae,
348 2133 379 2167 si
402 2133 462 2167 hic
485 2134 731 2183 permitteret,
759 2145 815 2168 re-

147 2189 346 2228 sponsurus
372 2180 454 2212 erat
478 2181 515 2212 et
538 2177 719 2212 iustitiam
736 2189 814 2213 esse

147 2233 249 2267 piam
282 2224 320 2257 et
348 2223 530 2267 pietatem
559 2223 712 2265 iustam,
751 2224 817 2258 sed

148 2278 244 2310 quae
269 2269 473 2312 posteriore
498 2268 579 2302 loco
599 2250 815 2310 afferuntur⁷

148 2323 269 2355 neque
317 2313 469 2349 eadem
497 2309 631 2356 (ταύτὰ
681 2314 816 2356 ταῦτα)

148 2359 234 2391 sunt
266 2368 309 2392 ac
339 2358 465 2408 priora
495 2359 534 2392 et
564 2368 587 2390 a
610 2357 819 2401 Protagora

148 2403 186 2436 in
217 2403 394 2446 proximis
425 2403 590 2445 itemque
622 2413 644 2436 a
668 2402 817 2437 Socrate

149 2458 185 2490 p
217 2452 282 2482 333
306 2447 335 2481 Β
374 2457 524 2501 prorsus
564 2447 817 2503 negliguntur.

149 2491 281 2544 Itaque
319 2493 434 2527 verba
471 2489 529 2527 ὅτι
561 2488 644 2535 ἤτοι
678 2491 817 2526 ταύτόν

149 2550 170 2580 γ
220 2535 298 2571 ἐστι
325 2556 364 2562 —
391 2536 474 2571 οἷον
508 2537 734 2581 δικαιοσύνη
771 2537 817 2571 ad

148 2592 227 2616 rem
258 2581 350 2616 nihil
380 2581 537 2624 faciunt,
575 2584 613 2617 et
643 2581 819 2616 affectata

149 2626 213 2661 illa
243 2627 406 2670 gravitas
436 2637 479 2661 ac
509 2627 655 2680 pondus
687 2627 818 2661 verbo-

148 2682 230 2705 rum
243 2654 327 2706 Unoc),
358 2668 539 2724 μαλιστα
548 2685 701 2707 παντων
727 2666 762 2725 ἦ
778 2684 817 2705 τε

150 2714 376 2760 δικαιοσύνη
410 2722 492 2751 οἱον
523 2712 672 2761 ὁσιότης
697 2713 771 2753 κτὲ.
797 2728 819 2751 a

150 2759 310 2796 Socratis
329 2772 486 2806 persona
511 2762 724 2805 abhorrent,
750 2762 819 2796 nisi

151 2815 239 2840 vero
270 2806 498 2856 Protagorae
533 2806 735 2842 dictionem
767 2810 816 2851 (11,

150 2853 217 2885 330
242 2851 286 2893 A)
311 2850 464 2886 irridere
489 2851 617 2886 voluit

1185 1265 1216 1296 9.
1243 1258 1387 1295 οὐδὲν
1413 1259 1495 1305 γὰρ
1512 1260 1559 1294 T:

936 1421 965 1452 7.
998 1415 1111 1452 ἀλλὰ
1145 1418 1193 1452 τί
1221 1418 1360 1452 τοῦτο
1393 1416 1561 1462 διαφέ-

889 1463 981 1507 ρει]
1019 1463 1084 1498 sed
1123 1462 1212 1505 quid
1249 1463 1318 1497 hoc
1343 1464 1472 1497 nostra
1506 1462 1560 1496 in-

888 1509 1005 1542 terest
1028 1507 1063 1542 h.
1083 1518 1114 1542 e.
1133 1507 1198 1542 sed
1221 1507 1315 1541 nihil
1339 1507 1465 1550 refert,
1491 1507 1561 1541 hoc

888 1563 935 1586 an
958 1552 1049 1586 illud
1074 1554 1292 1589 statuamus.
1318 1552 1444 1587 Stazlb.

931 1617 962 1648 8.
1000 1611 1058 1658 μή
1089 1615 1181 1658 μοι]
1214 1613 1443 1658 Protagorae
1477 1625 1560 1649 con-

889 1658 1073 1692 dicionem
1115 1658 1284 1692 Socrates
1323 1660 1559 1703 aspernatum

886 1705 1139 1753 proposuerat
1164 1703 1245 1737 ille:
1286 1703 1316 1736 si
1347 1705 1420 1744 vis,
1457 1715 1559 1739 sume

887 1748 993 1782 nobis
1023 1747 1204 1782 iustitiam
1241 1747 1343 1791 piam
1377 1759 1473 1790 esse,
1512 1749 1560 1784 ad

887 1793 987 1835 quod
1012 1793 1082 1833 1110,
1108 1792 1312 1849 respiciens
1336 1793 1429 1827 illud
1454 1792 1559 1839 ἡμῖν,

887 1839 1104 1882 respondet·
1131 1851 1183 1882 μη
1211 1850 1275 1882 μοι
1302 1849 1349 1871 sc.
1379 1837 1482 1875 ἐστω.

934 1903 985 1936 10,
1018 1898 1065 1933 τὸ
1094 1896 1132 1933 δ’
1160 1896 1238 1942 ἐμέ
1264 1913 1294 1933 τ.
1322 1913 1354 1936 κ.
1381 1899 1427 1934 σὲ
1453 1903 1560 1935 τοῦ·

887 1943 954 1988 το]
992 1943 1114 1978 Haec
1161 1954 1228 1977 me
1278 1945 1322 1978 et
1367 1946 1409 1979 te
1457 1945 1559 1979 dico

887 2000 1019 2032 quum
1045 1988 1266 2030 arbitrer,
1292 1988 1359 2024 ita
1384 1991 1559 2024 oratio-

886 2044 984 2067 nem
1016 2033 1285 2068 rectissime
1323 2035 1560 2078 explorari

884 2088 1036 2122 posse,
1070 2079 1105 2112 si
1130 2078 1232 2121 quis
1257 2079 1374 2113 illud
1400 2080 1480 2113 ‘si’
1507 2090 1559 2114 ex

886 2134 939 2157 ea
962 2123 1122 2165 tollat
1154 2123 1199 2157 cf.
1227 2127 1293 2158 333
1319 2124 1358 2159 C.
1407 2124 1560 2159 Senten-

884 2169 977 2201 tiam
996 2167 1264 2203 Stallbaumius
1290 2169 1385 2204 bene
1403 2169 1453 2204 sic
1472 2180 1559 2214 ape—

886 2213 975 2246 ruit:
1013 2213 1108 2247 Non
1148 2213 1282 2256 cupio
1315 2215 1559 2259 explorare

886 2257 931 2290 id
977 2259 1095 2300 quod
1141 2259 1375 2303 sumimus,
1424 2260 1559 2294 etiam

887 2303 923 2335 si
948 2313 1100 2337 verum
1125 2303 1239 2337 illud
1258 2314 1354 2338 esse
1371 2315 1559 2349 persua

887 2358 979 2381 sum
1029 2359 1113 2382 non
1160 2349 1426 2391 habeamus;
1481 2350 1559 2384 sed

888 2403 1042 2426 veiam
1059 2394 1261 2427 nostram
1280 2394 1558 2429 sententiam

889 2439 933 2471 et
957 2440 1152 2472 mentem
1179 2436 1235 2481 (τὸ
1255 2437 1320 2483 ἐμέ
1345 2452 1385 2473 τε
1410 2440 1474 2473 καὶ
1500 2438 1557 2482 σε’)

889 2482 1021 2526 0111110
1070 2494 1346 2527 cognoscere
1395 2486 1439 2518 et
1486 2495 1558 2518 ex-

887 2527 1080 2570 plorare
1107 2529 1221 2562 Puto
1241 2530 1391 2563 autem
1410 2529 1559 2562 melta

887 2572 969 2606 hoc
1005 2572 1176 2623 optime
1214 2575 1367 2608 facere
1404 2584 1555 2618 posse,

889 2619 925 2650 si
968 2619 1066 2660 quis
1103 2617 1395 2653 condicionis
1437 2619 1558 2654 arbi-

887 2661 1021 2695 trium
1060 2662 1116 2706 (τό
1155 2662 1206 2705 εἰ)
1243 2663 1381 2706 plane
1416 2674 1558 2700 remo-

888 2708 994 2741 veat
1034 2709 1171 2751 atque
1211 2707 1361 2745 tollat
1423 2708 1558 2754 Perpe-

888 2761 967 2785 ram
982 2751 1007 2786 C
1019 2753 1228 2787 oruarius
1248 2764 1315 2797 pro
1330 2750 1556 2798 ἐλέγχεσθαι

888 2796 1004 2831 voluit
1031 2796 1214 2842 λέγεσθαι
1239 2798 1361 2833 scribi.

936 2855 988 2886 14.
1015 2849 1103 2899 αμῇ
1130 2852 1178 2897 γε’
1203 2867 1262 2899 πῃ
1287 2853 1555 2899 προσέοικε]
