1907 3230
592 168 930 205 PROTAGORAS.
956 167 994 203 P.
1023 170 1087 203 336
1114 167 1181 202 ST.

165 272 499 327 δολιχοδρόμων
536 286 596 327 τω
634 270 663 324 ἦ
701 272 791 312 τῶν
832 267 1156 324 ἡμεροδρόμων
1202 268 1380 309 διαθεῖν
1424 282 1470 308 τε
1510 269 1583 310 καὶ
1608 275 1703 309 336r
1741 280 1845 297 τιν’*-
1883 284 1887 286 ·

427 342 593 393 εἴποιμι
638 336 696 379 ἄν
743 347 832 389 σοι,
881 334 946 377 ὅτι
992 333 1108 377 πολὺ
1156 334 1238 376 σοῦ
1281 336 1457 387 μᾶλλον
1497 334 1582 388 ἐγώ

163 339 365 382 ἕπεσθαι.

1503 167 1580 209 121

165 405 362 461 ἐμαυτοῦ
382 404 535 460 δέομαι
566 405 725 446 θέουσι
755 403 931 451 τούτοις
962 399 1251 455 ἀκολουθεῖν,
1283 399 1380 443 ἀλλ’
1414 399 1469 443 οὐ
1498 400 1584 456 γὰρ

165 474 373 527 δύναμαι,
406 471 510 514 ἀλλ’
552 475 595 512 εἴ
626 487 667 513 τι
699 470 788 512 δέει
818 469 1076 512 θεάσασθαι
1109 470 1160 511 ἐν
1190 471 1252 524 τῷ
1282 467 1402 523 αὐτῷ
1434 468 1514 523 ἐμέ
1540 484 1586 511 τε

117 556 134 583 5
165 539 240 583 καὶ
279 542 489 594 Κρίσωνα
525 538 734 592 θέοντας,
780 537 944 579 τούτου
989 536 1095 578 δέου
1135 540 1450 590 συγκαθεῖναι·

1499 533 1584 589 ἐγώ
1637 555 1640 558 ’

164 608 247 662 μὲν
284 606 370 661 γάρ
411 605 463 648 οὐ
499 606 695 658 δύναμαι
726 603 836 659 ταχὺ
864 609 980 658 θεῖν,
1020 597 1149 653 οὗτος
1180 603 1227 644 δὲ
1260 603 1448 645 δύναται
1478 600 1586 656 βρα-

165 676 288 725 δέως.

342 675 381 716 εἰ
409 668 493 715 οὖν
525 672 760 726 ἐπιθυμεῖς
791 672 901 726 ἐμοῦ
932 671 1007 713 καὶ
1038 671 1349 725 Πρωταγόρου
1381 668 1586 724 ἀκούειν,

165 742 328 784 τούτου
350 741 469 794 δέου,
502 739 652 793 ὥσπερ
674 738 723 781 τὸ
745 740 926 793 πρῶτόν
957 753 1031 792 μοι
1063 737 1335 791 ἀπεκρίνατο
1368 734 1442 779 διὰ
1475 739 1588 790 βρα-

166 809 280 864 χέων
316 823 362 849 τε
402 807 475 849 καὶ
516 804 629 848 αὐτὰ
664 805 717 848 τὰ
757 805 1047 860 ἐρωτώμενα,
1088 804 1206 846 οὕτω
1246 805 1320 846 καὶ
1360 804 1444 845 νῦν
1476 802 1589 845 ἀπο-

119 893 151 919 ιο
169 878 420 931 κρίνεσθαι.
473 875 512 916 εἰ
539 875 587 917 δὲ
618 874 693 928 μή,
725 875 790 923 τίς
821 872 843 914 ὁ
873 874 1038 926 τρόπος
1069 874 1190 914 ἔσται
1221 875 1311 914 τῶν
1342 870 1586 925 διαλόγων;
1613 876 1642 909 Β

169 1089 327 1135 perfecti
357 1089 479 1123 forma
509 1088 546 1122 in
581 1101 603 1131 η

25 964 33 973 .
84 966 119 975 ν-
168 944 301 999 χωρὶς
336 941 423 996 γάρ
467 940 597 996 ἔγωγ’
638 939 763 997 ᾤμην
803 937 917 982 εἶναι
954 938 1003 982 τὸ
1043 941 1248 982 συνεῖναί
1285 955 1332 981 τε
1377 936 1588 994 ἀλλήλοις

636 1088 794 1122 exeunte
826 1086 925 1131 apud
950 1086 1144 1120 Platonem
1171 1084 1342 1120 codicum
1369 1085 1591 1119 auctoritate

170 1134 402 1169 restituenda
426 1145 461 1167 v
489 1132 713 1167 Stallbaumi
739 1133 862 1166 annot.
890 1132 937 1166 ad
969 1141 1129 1186 sympos.
1154 1143 1191 1175 p.
1220 1134 1282 1165 198
1308 1129 1347 1166 C.

1431 1134 1459 1167 1,
1486 1131 1591 1164 &toc-

170 1182 282 1214 θεῖν
314 1191 360 1214 τε
390 1178 469 1212 καὶ
504 1176 703 1213 ἕπεσθαι
729 1176 813 1211 BT:
845 1189 884 1211 τε
911 1176 975 1211 καὶ
1003 1175 1166 1211 ἔπεσθαι
1193 1175 1294 1209 delet
1319 1175 1455 1215 Cobet,
1490 1175 1592 1217 quod

173 1223 337 1259 ἕπεσθαι
362 1223 564 1258 admodum
589 1222 824 1272 ineleganter
848 1222 1053 1276 repetatur,
1081 1232 1163 1265 ego,
1189 1221 1218 1254 si
1236 1220 1280 1255 de
1299 1220 1587 1264 interpolatione

171 1268 375 1310 constaret,
394 1267 528 1320 potius
560 1266 814 1301 damnaverim
840 1278 941 1311 prius
976 1264 1158 1308 ἕπεσθαι,
1190 1265 1290 1307 quod
1322 1266 1436 1299 etiam
1468 1264 1592 1299 verbis

171 1313 310 1349 θέουσι
336 1309 485 1352 τούτοις
504 1312 606 1347 Criso
633 1313 670 1346 et
693 1311 747 1345 illi
764 1311 827 1345 alii
845 1321 1011 1346 cursores
1017 1310 1412 1367 comprehenduntu13
1443 1309 1488 1344 de
1508 1311 1552 1353 δρ
1556 1322 1592 1344 ο-

172 1363 239 1403 μεῖ
254 1371 344 1401 ακμ.
364 1369 398 1391 v.
417 1367 500 1391 ann.
550 1361 582 1390 4.
611 1354 658 1391 ἐν
676 1357 736 1402 τῷ
759 1353 880 1403 αυτῷ
899 1355 981 1389 ΒΤ.
1010 1353 1050 1390 ἐν
1068 1352 1194 1402 ταυτῷ
1212 1355 1323 1389 scribi
1340 1354 1445 1389 iubet
1464 1323 1594 1389 Οοῦρθίῑ.

170 1481 253 1516 nuit
277 1492 422 1523 cursus,
454 1479 555 1514 cuiue
582 1479 684 1514 varia
707 1490 847 1523 genera

170 1526 350 1561 indicavit
372 1525 470 1562 Plat.
497 1524 542 1559 de
568 1525 640 1569 leg.
665 1536 700 1568 p.
726 1525 845 1559 833A.

173 1571 242 1614 Qui
261 1570 480 1606 curriculum
498 1580 520 1603 a
538 1580 683 1604 carcere
703 1569 750 1619 ad
767 1580 846 1603 me-

171 1619 249 1651 tam
267 1615 383 1650 semel
401 1626 570 1650 emensus
589 1615 680 1656 erat,
706 1613 736 1648 is
755 1611 846 1649 στά-

173 1664 259 1697 διον
302 1660 532 1702 decuroerat,
570 1659 634 1702 qui
673 1659 846 1693 continuo

173 1718 280 1742 CUI‘SU
297 1717 318 1740 a
332 1707 434 1740 meta
455 1705 501 1739 ad
525 1715 709 1739 carcerem
729 1704 860 1738 redle-'

172 1753 232 1786 rat
255 1750 429 1793 idemque
456 1749 617 1784 stadium
641 1749 698 1783 bis
723 1759 845 1783 emen-

174 1807 235 1831 sus
267 1796 366 1838 erat,
399 1795 476 1829 eius
501 1805 626 1828 cursus
652 1794 848 1828 dicebatur

176 1843 344 1880 δι’-αυλος
383 1838 453 1874 Sex
478 1839 538 1873 vel
564 1838 759 1873 duodecim
792 1838 846 1872 δί-

176 1889 287 1921 αυλοι
321 1883 536 1919 confieiendi
569 1884 675 1918 erant
700 1884 847 1928 δολιχο-

175 1927 313 1975 δρόμῳ,
341 1940 426 1963 nam
445 1928 598 1971 δόλιχος
615 1929 706 1970 erat,
733 1938 848 1970 quum

178 1985 302 2010 cursor
333 1973 495 2008 stadium
525 1974 637 2007 toties
674 1973 847 2007 decurre-

174 2021 256 2064 bat,
290 2020 332 2053 ut
357 2019 571 2053 continuato
598 2029 705 2052 eursu
730 2017 850 2052 stadia

175 2048 371 2100 duodecim
408 2063 466 2098 vel
511 2063 727 2105 (secundum
769 2062 848 2097 Sui-

176 2110 262 2144 dam
286 2121 313 2143 s.
330 2110 383 2151 v.)
409 2107 542 2152 viginti
564 2112 727 2151 quatuor
753 2118 850 2142 eme-

175 2155 320 2189 tiretur.
358 2165 390 2187 v.
429 2153 543 2190 schol
588 2153 635 2186 ad
676 2152 722 2186 So
726 2152 850 2196 phocl.

175 2200 312 2234 Electr.
335 2210 366 2232 v,
387 2201 464 2237 686,
490 2197 536 2231 ad
553 2197 742 2248 Aristoph.
761 2197 849 2231 nub.

176 2248 279 2278 v..28
301 2243 440 2277 Krause
457 2224 516 2286 ‚Gy
521 2241 733 2277 mnastiku.
750 2242 851 2286 Ago

175 2256 289 2324 n'istik
321 2287 559 2322 d.He11enen
586 2288 600 2320 I
625 2298 661 2331 p.
687 2291 751 2320 347
770 2298 851 2329 sqq.

179 2333 411 2377 Grasberger
429 2332 652 2375 (Erziehung
669 2343 702 2365 u.
721 2331 853 2366 Unter-

176 2378 274 2412 rioht
297 2378 313 2411 1
336 2389 370 2422 p.
395 2380 475 2419 311)
506 2387 716 2411 mensuram
748 2376 856 2410 huius

182 2422 283 2467 longi
301 2432 424 2457 cursus
443 2433 464 2456 a
481 2421 595 2456 Suida
611 2422 855 2455 memoratam

177 2478 244 2512 pro
284 2478 371 2502 vera
411 2467 543 2510 habet,
587 2467 689 2500 certa
726 2467 853 2500 tamen

178 2513 242 2547 illa
267 2511 414 2546 omnino
445 2522 519 2546 non
550 2511 662 2545 fuisse
696 2510 853 2566 videtur,

179 2558 223 2595 cf.
249 2556 425 2591 Themist.
452 2556 519 2590 XV
548 2559 610 2590 169
629 2557 661 2589 A
687 2554 755 2600 χρὴ
785 2553 851 2590 αὖ

178 2600 249 2655 τήν
288 2598 462 2645 (ἀρετὴν)
500 2599 667 2636 ἐοικέναι
705 2603 852 2645 δολιχο-

180 2645 308 2701 δρόμῳ
338 2648 499 2698 μᾶλλον
542 2641 563 2689 ἢ
602 2647 756 2680 σταὸιεῖ
788 2645 853 2680 καὶ

179 2691 229 2736 μὴ
249 2688 396 2745 πρώτῃ
428 2687 551 2730 εὐθυς
581 2690 701 2735 νύσσῃ
739 2703 854 2725 κατα-

178 2734 339 2780 παύειν,
376 2728 465 2770 ’ἀλλ’
508 2733 656 2771 ἐπιέναι
694 2737 854 2770 πλειο-

181 2794 260 2821 νας
307 2764 470 2822 κύκλους
511 2780 547 2825 (1.
589 2791 621 2816 e.
660 2782 854 2820 πλείους

181 2824 335 2869 καμπὰς
352 2829 582 2880 ποιεῖσθαι).

229 2875 261 2906 1.
293 2871 379 2905 τῶν
411 2869 761 2916 ἡμεροδρόμων]
797 2869 853 2904 Li-

916 1478 998 1514 vius
1024 1483 1078 1520 31,
1098 1482 1157 1512 24:
1186 1478 1504 1514 ‘hemerodromos
1530 1489 1593 1513 vo-

917 1525 1003 1559 cant
1021 1523 1153 1559 Graeci
1170 1523 1301 1567 ingens
1323 1522 1383 1558 die
1397 1534 1469 1558 uno
1485 1534 1593 1557 cursu

918 1570 1138 1604 emetientes
1156 1568 1345 1612 spatium'⁷
1369 1567 1488 1611 iisque
1503 1580 1594 1602 nun-

916 1615 989 1657 tiis,
1018 1613 1082 1648 ubi
1100 1624 1159 1648 res
1178 1613 1402 1648 maturanda
1420 1614 1509 1656 erat,
1536 1613 1592 1647 usi

917 1666 1014 1694 sunt.
1041 1670 1075 1694 v.
1103 1659 1246 1694 Cornel.
1274 1658 1367 1702 Nep.
1394 1658 1487 1695 Milt.
1514 1662 1594 1695 (1.4.

918 1703 1097 1739 Herodot.
1119 1703 1167 1738 VI
1196 1708 1268 1738 105

963 1748 1176 1791 διαθεῖν]
1221 1759 1359 1782 cursu
1402 1749 1594 1782 conteu—

918 1795 1044 1835 dere,
1065 1793 1107 1827 ut
1122 1792 1276 1827 T.heaet
1288 1805 1324 1837 p.
1337 1792 1435 1827 1480
1454 1792 1490 1827 εἰ
1508 1794 1594 1827 δια-

917 1837 1023 1873 θέων
1046 1851 1114 1872 του
1140 1835 1428 1891 ακμαζοντος
1447 1838 1512 1872 καὶ
1530 1851 1595 1872 τα-

878 1917 884 1921 ,
920 1885 1051 1929 χίστου
1075 1881 1262 1935 ἡττήθης,
1289 1882 1353 1917 ubi
1370 1882 1442 1917 vid.
1467 1882 1595 1918 Stallb.

964 1934 995 1963 5.
1032 1925 1199 1963 τούτου
1238 1926 1350 1962 δέου
1387 1930 1594 1972 συγκαθ-

921 1973 1212 2017 εἴναι]1111110
1242 1982 1371 2017 r,oga
1398 1974 1446 2006 ut
1470 1983 1514 2007 se
1541 1972 1595 2006 ad

919 2029 978 2053 me
997 2017 1227 2054 demittat
1252 2017 1379 2051 Verba
1397 2018 1597 2071 καθιέναι,

919 2061 1085 2119 ἐφιέναι,
1104 2060 1267 2103 ανιέναι,
1287 2057 1464 2105 ἀφιέναι,
1487 2058 1597 2106 υφιέ-

922 2121 1000 2151 ναι,
1025 2105 1184 2150 ἐξιέναι,
1212 2107 1296 2150 alia,
1324 2117 1435 2151 saepe
1459 2107 1600 2141 intran-

920 2153 1030 2188 sitiva
1050 2152 1318 2196 significatione
1332 2152 1503 2197 usurpari
1516 2163 1600 2186 nar-

920 2198 1083 2232 ravimus
1109 2197 1156 2231 ad
1181 2208 1285 2240 remp
1291 2196 1403 2231 .V111
1421 2208 1455 2241 p.
1474 2199 1596 2234 563A

921 2243 1109 2279 Phaedon.
1135 2253 1169 2286 p.
1197 2208 1322 2276 112pD.
1347 2242 1474 2276 Stallb.

971 2292 1021 2323 11.
1037 2287 1173 2331 χωρις
1191 2300 1275 2331 γαρ
1301 2285 1429 2330 ἔγωγ’
1455 2282 1595 2344 ᾤμην]

924 2332 965 2366 111
991 2332 1127 2366 talibus
1150 2331 1241 2366 locis
1267 2332 1371 2376 δίχα,
1397 2333 1507 2376 χωρίς
1525 2335 1594 2366 ete.

925 2387 1010 2419 non,
1035 2378 1078 2411 ut
1101 2376 1235 2421 vulgo,
1267 2377 1533 2411 seiunctionem
1560 2377 1597 2411 et

926 2421 1218 2472 separationem,
1250 2421 1314 2456 sed
1341 2421 1597 2456 diversitatem

927 2468 965 2501 et
978 2467 1251 2511 oppositionem
1266 2466 1487 2523 significant.
1512 2466 1597 2499 Phi-

923 2511 995 2546 leb.
1021 2523 1058 2555 p
1083 2515 1127 2545 44
1152 2512 1203 2544 A:
1243 2513 1349 2555 εἴπερ
1384 2510 1495 2563 χωρὶς
1529 2512 1598 2545 τοῦ

924 2570 974 2611 μη
1009 2558 1216 2591 λυπεῖσθαι
1250 2557 1313 2590 καὶ
1346 2557 1414 2590 τοῦ
1446 2556 1598 2599 χαίρειν

924 2599 946 2644 ἠ
980 2601 1115 2655 φύσις
1146 2601 1368 2658 Euthydem.
1394 2612 1430 2644 p.
1456 2604 1521 2634 289
1546 2599 1597 2634 D:

925 2647 1044 2691 δῆλον
1070 2646 1151 2687 οὐν,
1180 2659 1238 2681 οτι
1265 2645 1329 2680 καὶ
1355 2645 1441 2699 περὶ
1462 2641 1598 2689 λόγους

925 2691 1041 2746 χωρὶς
1067 2688 1090 2735 ἡ
1123 2693 1190 2725 τοῦ
1221 2695 1350 2725 ποιεῖν
1381 2690 1496 2734 τέχνη
1533 2690 1598 2724 καὶ

925 2750 964 2785 η
974 2749 1040 2770 του
1068 2738 1247 2790 χρῆσθαι.
1274 2735 1417 2771 Phileb
1437 2747 1472 2779 p.
1476 2704 1597 2769 rIzl'IA

925 2779 982 2821 οἷς
1023 2780 1316 2833 διακεχώρισται
1357 2779 1398 2815 τό
1436 2792 1475 2814 τε
1513 2781 1598 2813 δια-

926 2827 1103 2866 λεκτικῶς
1136 2824 1252 2860 πάλιν
1284 2825 1346 2860 καὶ
1385 2822 1425 2859 τὸ
1464 2820 1598 2878 εριστι-

925 2872 998 2911 κῶς
1023 2867 1121 2915 ἡμᾶς
1147 2872 1345 2906 ποιεισθαι
1372 2866 1465 2913 πρὸς
1487 2866 1599 2913 αλλή
