1939 3214
315 173 398 214 206

314 271 536 307 Artifices
551 281 677 306 omnes
691 269 872 305 aGraecis
886 268 995 314 parvi

358 317 449 352 facti
474 318 559 351 sunt
582 316 621 350 P.
648 319 711 350 311
738 314 778 348 B.

314 363 490 397 Artium
515 360 733 405 cognatio
759 359 801 393 G.
825 362 892 393 465
916 358 957 396 B,

313 406 596 451 Asyndeton:
638 405 677 438 in
714 404 911 449 epexegesi
949 401 992 437 G.

359 455 426 487 450
451 451 483 486 A
518 452 556 485 et
586 454 651 485 459
678 449 719 484 B.
752 468 793 474 —
825 448 889 482 ubi
925 458 992 492 per

359 495 430 541 μὲν
454 516 495 521 -
527 494 570 530 δέ
608 494 802 528 subiicitur
838 492 990 536 partitio

360 541 404 577 G.
422 544 488 576 464
506 540 547 574 B.
565 560 609 565 --
626 539 691 573 ubi
716 539 904 574 sententia
925 548 992 581 per

359 581 484 629 ὥσπερ
521 584 674 619 additur
712 582 753 618 G.
786 586 853 617 448
879 583 916 616 Ε.
949 602 992 608 --

358 632 444 676 post
467 631 580 674 τοῦζο
605 627 770 673 πάσχειν
798 627 841 663 G.
867 632 931 663 513
947 629 991 661 A.

359 697 401 701 —
426 675 493 710 ubi
518 674 630 715 οὗτος
663 685 731 718 per
762 672 992 717 anaphoram

358 721 517 756 iteratur
542 719 584 754 G.
610 723 676 754 510
701 719 738 753 C.
765 738 805 742 -—
831 718 895 752 ubi
929 727 992 751 ea·

361 767 445 800 dem
477 765 665 799 sententia
693 763 861 808 graviter
896 772 992 796 asse-

359 811 510 845 veratur
526 813 565 846 P.
583 813 648 844 317
667 808 704 843 C.
734 829 774 833 —
799 808 838 841 in
864 805 901 842 οἷ
926 803 991 841 ἅλ-

359 859 416 890 λοι
450 855 490 892 G.
518 859 582 890 503
606 854 646 888 E.
674 874 717 878 —
741 853 780 887 in
812 851 991 897 oppositis

357 901 397 937 P.
413 899 524 938 3190,
544 920 584 924 —
603 899 640 933 in
657 898 872 933 narratione
891 896 992 941 apud

359 943 487 980 ἐδόκει
524 945 563 978 et
597 944 677 977 sim.
711 942 754 977 G.
787 946 850 977 527
877 941 913 976 C.
951 941 991 978 P.

359 994 424 1025 315
449 989 489 1027 E.
521 992 586 1023 317
611 988 652 1022 Ε.
687 1007 724 1011 --
759 988 798 1021 in
831 984 990 1029 ἕδόξατέ

359 1048 423 1079 μοι
448 1034 487 1071 Ρ.
510 1038 575 1069 330
589 1033 627 1066 Ε.
648 1053 690 1058 -
707 1033 745 1066 in
769 1032 991 1076 interrogat.

359 1090 427 1125 per
450 1076 501 1123 μὴ
530 1079 644 1112 δοκεῖ
664 1078 765 1111 facta
791 1076 833 1111 G.
859 1080 923 1110 512
948 1075 991 1113 Β,

360 1145 400 1149 —
426 1124 500 1202 apa
529 1123 568 1158 Ρ.
597 1127 662 1157 335
688 1124 730 1156 A.
762 1125 829 1156 340
854 1121 896 1157 D.
927 1125 991 1155 341

357 1171 401 1205 A.
429 1180 474 1203 a.

315 1226 346 1259 A
361 1227 377 1259 t
392 1225 416 1259 h
432 1235 451 1259 e
467 1236 491 1258 n
507 1224 519 1258 i
534 1235 553 1259 e
569 1236 592 1258 n
610 1235 625 1257 s
642 1234 661 1258 e
676 1235 691 1257 s
728 1221 993 1266 sapientissimi

361 1270 590 1305 Graecorum
607 1268 646 1302 P.
664 1272 729 1303 319
744 1268 783 1305 Β.
801 1287 843 1293 —-
861 1268 991 1312 poeta-

359 1327 443 1349 rum
475 1314 631 1349 studiosi
661 1313 701 1347 P.
728 1316 794 1348 338
818 1312 859 1346 E.
886 1333 926 1337 —
953 1312 991 1345 in

358 1360 530 1395 contione
556 1359 729 1393 omnibus
755 1357 902 1392 dicendi
927 1367 991 1400 po-

359 1406 536 1440 testatem
560 1404 703 1439 faciunt
726 1403 766 1440 P.
791 1407 857 1438 319
882 1402 925 1436 D.

315 1461 572 1496 Attractio:
587 1458 817 1499 nominativi,
828 1458 894 1492 ubi
908 1459 993 1493 δεῖν

358 1507 518 1541 infertur
530 1505 570 1539 P.
586 1509 652 1540 316
668 1503 706 1539 Ο.
725 1525 765 1528 -
784 1514 903 1546 casus,
929 1502 994 1545 qui

360 1563 405 1587 ex
429 1551 613 1585 infinitivo
636 1549 800 1594 pendere
819 1547 995 1590 debebat,

362 1595 648 1676 gugnEprimargo
674 1594 789 1673 {erbo
815 1591 996 1672 iunGcti4ffrg.

477 1669 483 1675 .
513 1661 555 1666 —
581 1651 602 1674 a
630 1650 685 1673 1eo
705 1649 850 1672 ivorum
905 1665 910 1671 .

357 1686 401 1720 D.
435 1705 479 1711 --
509 1685 547 1719 in
578 1683 710 1724 οὐδεὶς
742 1681 844 1723 ὅστις
876 1678 922 1717 οὔ
953 1681 994 1717 Ρ.

359 1735 424 1766 317
440 1730 480 1766 C.
497 1750 536 1754 —
555 1729 714 1771 relativi,
732 1738 807 1771 qua
824 1728 870 1762 ad
888 1737 994 1771 prae-

360 1775 526 1854 dicatEilim
563 1774 722 1809 nominis
758 1772 918 1808 refertur
951 1771 993 1806 G.

316 1866 489 1900 Audire
517 1864 558 1899 G.
588 1869 654 1900 503
679 1863 720 1897 E.

314 1911 636 1956 Augmentum:
686 1909 724 1942 in
767 1905 993 1951 εὑρίσκομεν

364 1960 402 1991 et
426 1953 660 2000 ηὑρίσκομεν
686 1953 728 1988 G.
756 1956 822 1988 514
846 1952 889 1989 D.

628 2066 679 2107 B.

317 2146 344 2180 B
356 2156 485 2180 onum
500 2146 538 2179 et
578 2144 746 2179 ulchrum
756 2154 869 2177 unum
877 2143 995 2177 idem-

363 2201 434 2233 que
461 2191 517 2224 est
576 2216 584 2223 .
609 2194 674 2224 476
699 2188 739 2222 Ε.
766 2208 801 2213 —-
834 2188 881 2222 ab
914 2186 996 2221 utili

362 2246 437 2270 non
456 2235 640 2269 diversum
661 2233 696 2267 P.
716 2238 782 2268 333
800 2234 843 2267 A.
862 2252 902 2256 —
921 2232 996 2266 alia

361 2280 445 2315 aliis
468 2280 568 2315 bona
592 2280 632 2315 P.
660 2283 726 2314 334
751 2281 794 2312 A.

316 2335 727 2378 Breviloquentia:
754 2334 819 2368 ubi
844 2345 901 2368 res
927 2344 995 2377 pro

361 2381 639 2461 {iuzggtissbuto
654 2379 803 2424 ponitur
818 2378 861 2413 G.
876 2382 943 2413 455
953 2378 995 2412 D.

635 2525 667 2568 C

318 2605 515 2647 Callias,
541 2615 563 2639 a
586 2603 714 2638 Melite
739 2612 838 2647 pago
869 2602 993 2639 oriun-

363 2651 444 2692 dus,
464 2653 501 2686 Ρ.
519 2653 584 2685 309
602 2650 646 2686 Α.
672 2652 736 2683 311
755 2648 799 2683 A.
818 2667 861 2672 ——
880 2646 992 2681 Glau-

363 2695 465 2729 conis
490 2695 606 2729 filiam
622 2694 661 2727 in
678 2692 915 2727 matrimonio
933 2692 997 2726 ha-

364 2741 456 2781 buit,
483 2740 521 2775 P.
537 2743 603 2774 315
619 2740 661 2772 A.
680 2758 721 2763 ——
740 2748 823 2771 cum
841 2736 997 2771 Platone

364 2784 545 2819 affinitate
594 2784 811 2818 coniunctus
850 2781 997 2815 videtur

362 2830 452 2864 ibid.
477 2849 521 2854 —
550 2828 760 2873 Hipponico
791 2827 891 2870 patri
922 2837 996 2860 non

363 2874 504 2918 placuit
541 2874 582 2907 P.
618 2873 761 2918 proleg.
793 2883 829 2915 Ρ.
857 2876 913 2906 31.
952 2891 996 2897 -—

832 166 983 203 INDEX
1009 165 1230 203 LATINUS.

1110 265 1159 300 ad
1184 274 1369 299 summam
1393 263 1622 298 senectutem
1656 272 1740 307 per-

1110 310 1223 351 venit,
1243 308 1332 346 ibid,

1064 355 1283 390 Callicles
1301 353 1349 387 ad.
1362 352 1661 397 respondendum
1673 353 1742 386 mi-

1107 411 1176 434 nus
1200 399 1355 443 paratus
1381 397 1425 433 G.
1457 401 1522 432 500
1547 397 1590 431 D.

1063 444 1139 479 Cei
1170 443 1280 489 probi
1311 443 1349 477 et
1372 442 1519 477 honesti
1542 442 1582 476 P.
1609 446 1673 477 341
1700 441 1742 476 Ε.

1063 488 1333 524 Charmides
1357 487 1398 523 P.
1423 491 1490 522 314
1513 486 1554 521 Ε.

1063 533 1199 568 Chori
1225 532 1268 570 G.
1295 537 1358 568 501
1384 532 1425 569 E.
1450 535 1515 567 502
1541 531 1583 566 Β.

1063 578 1217 613 Cimon
1243 577 1285 613 G.
1313 582 1378 612 515
1406 577 1445 612 C.

1063 623 1350 658 Citharistae
1382 621 1422 655 P.
1451 624 1516 656 326
1542 621 1586 656 A.
1612 644 1655 649 --
1686 631 1743 655 se-

1107 668 1186 702 veri
1211 670 1247 702 in
1275 666 1477 711 discipulos
1502 666 1540 700 P.
1568 669 1634 700 326
1660 665 1702 700 B.

1063 712 1371 792 0115116ιὲ15ὺίοῆ
1407 722 1466 746 ars
1501 711 1655 746 taxatur
1695 709 1740 745 G.

1062 802 1251 845 minias,
1294 800 1499 836 Alcibiadis
1540 800 1658 835 frater
1701 799 1743 835 Ρ.

1062 892 1322 927 Collocatio
1346 892 1547 926 verborum
1564 889 1604 924 P.
1621 893 1686 924 325
1699 892 1745 924 A.

1107 941 1172 972 337
1197 937 1237 970 Ε.
1263 941 1328 971 343
1352 935 1392 970 E.

1062 981 1434 1025 Comparativusz
1460 981 1498 1013 in
1522 978 1683 1014 formula
1707 980 1747 1012 τί

1107 1027 1306 1069 νεώτερον;
1332 1026 1370 1062 Ρ.
1389 1028 1455 1060 310
1471 1024 1513 1059 Β.
1535 1044 1575 1048 -
1594 1023 1632 1057 in
1658 1021 1742 1067 βέλ-

1107 1069 1190 1106 τιόν
1223 1070 1325 1106 ἐστιν
1358 1071 1426 1106 etc.
1460 1069 1501 1104 G.
1534 1072 1600 1103 468
1625 1068 1666 1102 Β.
1699 1087 1743 1093 -

1107 1114 1466 1196 ZgffEsuperlativo
1513 1114 1659 1148 iunctus
1698 1113 1741 1149 G.

1064 1205 1427 1241 Coniunctivus:
1478 1203 1745 1247 deliberativus

1107 1250 1242 1285 tertiae
1266 1259 1447 1294 personae
1471 1248 1512 1286 P.
1538 1251 1604 1283 348
1630 1248 1672 1282 D.
1697 1267 1741 1272 —

1108 1297 1194 1340 post
1223 1295 1424 1329 relativum
1448 1295 1486 1328 et
1510 1289 1558 1328 ἄν
1584 1293 1739 1337 positus,

1109 1341 1173 1374 ubi
1220 1340 1495 1384 exspectaveris
1536 1339 1744 1384 optativum

1109 1384 1154 1420 G.
1173 1389 1240 1420 480
1258 1384 1294 1421 C.
1322 1405 1364 1411 --
1389 1386 1475 1429 post
1498 1383 1743 1428 praeteritum

1109 1430 1309 1465 verborum
1334 1429 1529 1463 metuendi
1552 1429 1590 1464 P.
1618 1432 1684 1462 320
1699 1429 1742 1461 A.

1065 1475 1193 1510 Criso
1218 1474 1439 1509 Himeraeus
1463 1474 1503 1508 P.
1527 1477 1592 1509 335
1617 1473 1661 1507 D.

1065 1520 1238 1555 Critias
1262 1520 1301 1554 P.
1327 1523 1392 1554 316
1417 1520 1459 1556 Α,

1375 1619 1427 1663 D.

1065 1700 1274 1735 Dativus:
1307 1698 1451 1733 ethicus
1478 1697 1520 1734 G.
1546 1701 1611 1733 480
1635 1697 1675 1734 E.
1700 1717 1743 1722 —

1109 1744 1300 1823 partiffiipii
1338 1745 1423 1788 post
1463 1743 1659 1777 accusativ.
1699 1741 1742 1776 G.

1064 1833 1505 1870 Demonstrativum:
1539 1834 1625 1877 post
1649 1832 1744 1867 rela—

1109 1880 1229 1915 tivum
1252 1879 1399 1914 illatum
1425 1877 1468 1913 G.
1493 1882 1558 1913 452
1584 1877 1629 1911 D.

1065 1924 1227 1960 Demus
1252 1923 1477 1968 Pyrilampis
1502 1923 1526 1958 f.
1554 1922 1595 1958 G.
1615 1926 1678 1957 481
1700 1922 1742 1959 D.

1066 1969 1312 2004 Diaetetae
1337 1969 1378 2002 P.
1405 1972 1469 2003 337
1496 1968 1535 2001 Ε.

1065 2014 1304 2093 Dialegtus
1330 2013 1474 2048 aeolica
1499 2014 1537 2046 et
1561 2012 1678 2046 attica
1701 2011 1743 2048 P.

1066 2104 1200 2138 Dicta
1224 2105 1362 2138 acuta
1388 2114 1471 2137 cum
1489 2101 1574 2136 telis
1593 2112 1744 2146 compa-

1111 2150 1194 2184 rata
1210 2149 1250 2183 P.
1271 2153 1335 2183 342
1353 2148 1393 2184 E.
1413 2168 1453 2172 —-
1472 2147 1574 2181 dicta
1598 2147 1743 2191 sapien—

1110 2195 1205 2228 tium
1241 2194 1392 2228 fuerunt
1428 2193 1584 2227 duorum
1615 2192 1744 2226 verbo-

1110 2251 1194 2273 rum
1218 2239 1257 2273 P.
1283 2243 1349 2274 343
1374 2239 1414 2273 Β.

1066 2284 1140 2318 Dii
1163 2284 1328 2318 fatorum
1352 2282 1481 2317 ordine
1506 2281 1596 2317 facti
1621 2281 1660 2316 P.
1678 2285 1744 2316 320

1112 2329 1150 2366 C.
1182 2349 1225 2354 -
1257 2328 1443 2373 sapientia
1466 2327 1544 2362 Deo
1578 2326 1647 2361 soli
1678 2325 1744 2360 tri-

1111 2374 1238 2408 buitur
1261 2374 1301 2411 Ρ,
1328 2377 1395 2408 344
1420 2372 1459 2407 C.

1066 2418 1397 2463 Dithyrambus
1423 2417 1464 2452 G.
1492 2420 1555 2452 501
1582 2417 1622 2451 Ε.

1378 2519 1427 2560 Ε.

1064 2598 1290 2633 Educatio
1315 2607 1516 2642 puerorum
1541 2595 1677 2630 Athen.
1702 2595 1741 2629 P.

1109 2648 1174 2679 312
1199 2644 1243 2679 A.
1268 2647 1334 2677 325
1358 2641 1389 2675 D
1409 2652 1491 2685 sqq.
1525 2644 1589 2676 326
1614 2642 1645 2674 A
1662 2650 1742 2684 sqq.

1066 2688 1277 2733 Ellipsis:
1305 2697 1384 2722 voe.
1405 2685 1424 2721 ὁ
1472 2688 1512 2721 έν
1538 2687 1624 2720 ante
1651 2683 1669 2721 ὁ
1698 2683 1742 2719 δέ

1112 2733 1150 2768 Ρ.
1178 2737 1244 2768 320
1268 2734 1311 2766 Α.
1338 2736 1402 2767 331
1463 2759 1469 2765 .
1496 2751 1539 2756 -—
1570 2730 1676 2765 verbi
1710 2728 1746 2764 εἷ

1111 2780 1198 2822 post
1223 2776 1302 2817 οἷος
1328 2777 1371 2812 G.
1388 2779 1453 2810 487
1471 2775 1513 2812 Β,
1540 2796 1582 2800 -—
1607 2776 1644 2810 in
1670 2774 1743 2809 for-

1111 2824 1213 2857 mula
1237 2824 1302 2856 καὶ
1327 2815 1448 2856 τᾶλλα
1474 2817 1592 2861 οὕτως
1616 2820 1659 2855 G.
1675 2823 1743 2854 460

1112 2868 1150 2906 Β,
1177 2868 1215 2902 Ρ.
1234 2871 1297 2902 312
1315 2866 1357 2901 D.
1377 2886 1419 2891 —
1444 2869 1530 2910 post
1554 2862 1652 2901 οὕτω
1677 2864 1742 2899 καὶ
