1939 3214
340 105 396 146 34
635 101 999 138 PROLEGOMENA
1022 101 1088 135 AD
1113 99 1457 136 PROTAGORAM.

343 205 530 247 carmine
578 204 720 259 epodis
773 218 895 245 usum
942 217 1032 245 esse
1077 205 1194 244 ratus
1236 202 1364 243 verba
1403 202 1542 256 ἔμοιγ’
1585 202 1765 256 ἐξαρκεῖ

343 264 494 317 poetae
524 260 737 302 abiudicat
768 263 810 301 et
842 259 993 301 ceteris
1025 259 1148 314 epodi
1169 259 1359 300 versibus
1381 258 1578 301 lacunam
1597 260 1758 314 primae

341 318 542 372 strophae
574 317 727 372 explet.
773 316 825 358 In
855 316 1005 371 quibus
1035 315 1240 369 versibus,
1272 318 1320 356 ut
1350 316 1535 356 numeris
1557 315 1758 371 strophae

340 375 466 430 plane
497 373 794 428 respondeant,
825 386 961 427 pauca
990 373 1193 413 mutavit:
1224 385 1301 426 pro
1333 369 1379 420 ὃς
1409 368 1468 411 ἄν
1493 369 1552 426 μὴ
1575 369 1709 421 κακὸς
1729 372 1756 426 ᾑ

340 431 511 486 scripsit
551 429 598 479 ὃς
635 428 693 471 ἂν
723 429 750 484 ᾖ
782 429 940 482 κακός,
980 431 1028 470 ut
1056 428 1227 484 negatio
1258 442 1308 469 ex
1339 428 1612 481 sequentibus
1641 442 1758 482 repe-

340 489 470 529 tenda
501 487 567 541 sit,
600 486 673 527 sed
702 485 884 539 facilius,
916 487 963 526 ut
994 485 1105 539 apud
1131 484 1365 539 Homerum
1395 483 1487 524 fieri
1518 484 1626 525 solet
1657 484 1757 540 (vid.

342 544 512 598 Kriiger
532 543 586 584 II.
610 542 676 593 612,
700 543 762 596 4),
793 542 938 583 abesse
968 541 1105 595 possit
1134 540 1161 595 ᾑ
1193 543 1235 581 et
1265 540 1392 582 scribi
1415 538 1438 580 ὅ
1458 555 1507 581 κε
1528 537 1586 593 μὴ
1608 539 1759 593 κακός,

341 600 492 641 deinde
529 613 606 653 pro
647 595 701 639 οὔ
739 613 817 652 μιν
857 596 944 651 ἐγώ
981 598 1125 651 posuit
1165 595 1270 638 οὐδὲ
1301 596 1359 651 μή
1390 611 1467 649 μιν
1500 596 1609 649 ἐγώ,
1650 597 1760 650 quod

339 670 486 697 verum
519 669 608 697 esse
639 669 728 696 non
759 654 939 708 videtur,
971 654 1152 708 denique
1182 655 1295 694 recte
1327 667 1376 694 ex
1408 653 1594 694 carmine
1626 651 1760 694 Simo-

339 712 465 754 nideo
505 712 629 753 eiecit
666 714 708 753 et
738 711 909 752 Platoni
939 710 1122 752 reddidit
1151 709 1279 750 verba
1309 707 1363 749 οὐ
1392 707 1477 763 γὰρ
1511 706 1596 762 ἐγώ
1628 707 1758 761 φιλό-

341 783 503 822 μωμος.
551 768 729 810 Constat
758 768 889 823 igitur
919 767 969 808 de
991 766 1167 820 Bergkii
1198 766 1408 807 sententia
1434 779 1604 806 carmen
1624 765 1761 806 tribus

342 825 532 879 strophis
562 825 754 880 integris.
805 823 909 865 Eius
931 823 1138 865 rat-ionem
1161 821 1350 863 Blassius
1373 821 1543 876 (Rhein.
1566 820 1760 862 Museum

342 881 450 923 1872
471 897 512 936 p.
535 882 636 937 3526)
669 882 835 922 secutus
867 882 942 934 est,
975 880 1047 921 sed
1069 880 1208 921 locum
1230 878 1397 919 illorum
1421 878 1543 932 epodi
1564 891 1760 919 versuum

340 938 542 992 mutavit,
576 952 681 992 quos
712 936 923 992 Bergkius
954 936 1153 991 primae
1185 934 1381 990 strophae
1413 935 1592 988 addidit,
1625 934 1675 974 iis
1707 942 1760 974 ad

340 994 627 1036 secundam
667 993 884 1048 stropham
921 1007 945 1034 a
983 1007 1104 1034 versu
1134 992 1261 1033 tertio
1292 991 1597 1032 restituendam
1627 990 1762 1030 utitur

337 1053 559 1104 totumque
597 1064 786 1101 carmen,
828 1049 940 1104 quod
979 1063 1064 1090 non
1097 1062 1173 1102 pro
1207 1048 1387 1102 epinicio
1419 1047 1491 1088 sed
1521 1060 1597 1101 pro
1628 1046 1761 1087 scolio

340 1107 580 1148 habendum
613 1106 680 1160 sit,
712 1106 795 1147 illis
827 1108 1007 1160 quatuor
1038 1104 1222 1159 strophis
1254 1103 1494 1145 constitisse
1515 1102 1757 1144 arbitratur.

339 1163 468 1205 Hunc
506 1161 775 1217 stropharum
815 1162 1006 1203 ordinem
1036 1160 1291 1202 Ramorinus
1322 1174 1362 1214 p.
1394 1160 1445 1201 67
1477 1159 1536 1200 ita
1565 1158 1759 1209 mutavit,

339 1222 388 1262 ut
406 1220 563 1261 Blassii
594 1219 823 1261 secundam
853 1217 1073 1272 stropham
1097 1219 1246 1272 quarto
1268 1217 1362 1257 loco
1385 1215 1621 1270 collocaret,
1653 1229 1760 1269 quae

338 1277 469 1318 verba
501 1275 687 1331 Bergkio
727 1277 898 1317 auctore
928 1275 986 1329 (p.
1021 1275 1146 1328 1116)
1185 1274 1270 1314 iam
1300 1272 1565 1327 Hartungius
1606 1271 1657 1312 ad
1693 1285 1759 1312 ex-

338 1336 520 1374 tremum
553 1346 722 1374 carmen
753 1332 966 1373 retulerat.

452 1389 550 1430 Mea
582 1389 750 1443 quidem
782 1388 995 1429 sententia
1025 1387 1068 1428 id
1099 1386 1281 1427 dubitari
1312 1386 1471 1439 nequit,
1503 1385 1606 1439 quin
1628 1382 1760 1425 Simo-

340 1445 451 1487 nidis
483 1446 613 1487 verba
642 1459 747 1499 quae
776 1443 900 1486 Plato
931 1459 971 1498 p.
992 1443 1075 1485 346
1099 1442 1130 1485 C
1160 1442 1312 1497 posuit,
1345 1442 1431 1482 sive
1460 1443 1625 1495 partem
1656 1442 1759 1481 stro-

339 1502 448 1558 phae
479 1502 566 1543 sive
597 1501 778 1556 epodum
810 1501 1057 1551 effecerunt,
1097 1499 1288 1554 proxime
1321 1498 1626 1539 antecesserint
1656 1498 1760 1538 stro-

338 1558 467 1613 pham
505 1557 731 1599 Τοῦνεκεν
770 1555 825 1598 οὔ
864 1555 1142 1598 ποτ’-θεοὶ
1178 1555 1415 1609 μάχονται,
1456 1557 1499 1596 et
1534 1554 1638 1595 haec
1668 1553 1761 1607 ipsa

340 1614 535 1669 stropha,
577 1629 660 1669 qua
698 1613 771 1655 illa
804 1613 931 1654 verba
962 1615 1137 1666 excepta
1167 1615 1278 1665 sunt,
1313 1611 1511 1652 carminis
1542 1610 1670 1651 fuerit
1698 1608 1758 1660 ul-

339 1672 457 1715 tima.
506 1670 644 1712 Huius
675 1670 736 1711 rei
767 1670 926 1711 indicio
958 1672 1021 1710 est
1053 1668 1252 1710 carminis
1282 1666 1577 1721 interpretatio
1611 1665 1758 1707 Socra„

336 1727 422 1769 tica
453 1730 495 1769 et
525 1728 832 1768 sententiarum
862 1739 994 1767 nexus
1025 1740 1050 1766 a
1080 1725 1245 1766 Blassio
1277 1723 1541 1777 explanatus.
