1907 3230
621 181 686 215 AD
712 179 1058 215 PROTAGORAM.
1497 180 1549 222 31

135 283 237 326 satis
284 284 464 324 constat.
526 281 788 335 Quamquam
830 281 943 321 enim
981 295 1006 321 a
1045 280 1256 321 veteribus
1297 280 1553 334 auctoribus,

135 354 262 394 quum
289 339 472 392 plurima
500 341 542 379 et
570 338 619 379 de
647 337 812 391 privata
832 337 919 377 vita
940 336 1028 376 eius
1050 338 1092 376 et
1112 335 1161 376 de
1183 335 1353 389 publica
1373 335 1553 376 tradide-

134 396 234 448 rint,
265 408 401 448 neque
429 408 509 448 quo
529 396 716 447 tempore
738 394 862 433 natus
884 393 940 432 sit
960 405 1096 446 neque
1117 394 1247 445 quoto
1270 392 1419 432 aetatis
1440 406 1553 432 anno

134 451 320 506 perierit,
353 452 557 504 scriptum
587 449 841 502 accepimus,
873 450 1016 488 tamen
1047 447 1326 488 recentiorum
1357 447 1554 488 maxime-

135 521 214 562 que
231 506 439 559 Meieriffi)
463 505 780 560 quaestionibus
801 504 1015 544 subtiliter
1035 505 1078 544 et
1098 506 1210 544 recte
1231 503 1455 557 probatum
1478 506 1555 556 est,

134 565 283 604 natum
322 577 416 603 eum
456 562 587 602 fuisse
619 560 684 603 Ol.
708 560 773 612 82,
795 560 822 600 2
853 559 940 600 sive
971 574 1006 600 a.
1027 559 1125 601 451.
1188 559 1305 607 Quae
1335 573 1463 613 quum
1495 559 1555 599 ita

139 619 239 672 sint,
270 618 339 659 hic
370 617 560 672 dialogus
592 616 645 656 ad
676 616 924 657 alterutrum
957 629 1117 656 annum
1147 615 1310 655 biennii
1342 615 1452 656 bello
1485 629 1555 669 pe-

137 674 437 729 loponnesiaco
468 673 632 726 excepti
663 671 909 713 referendus
940 674 1014 724 est,
1047 674 1089 712 et
1119 673 1166 711 ut
1195 671 1407 725 plerisque
1427 671 1555 712 inter-

136 731 339 785 pretibus,
371 731 432 770 ita
462 729 583 770 nobis
614 728 780 769 animus
811 727 860 768 ad
893 741 1053 769 annum
1083 727 1166 768 432
1196 727 1332 781 magis
1363 727 1555 776 inclinat,

137 800 348 840 quumque
391 787 456 826 tot
499 784 711 839 peregrini
760 783 954 824 homines
1000 783 1052 823 ad
1089 782 1265 824 Calliam
1310 783 1557 824 convenisse

137 843 352 893 dicantur,
391 840 503 882 haud
541 841 628 881 scio
667 854 720 880 an
760 853 890 880 verno
928 842 1116 892 tempore
1147 839 1224 879 sub
1255 837 1462 892 Dionysia
1490 853 1557 879 ur-

137 898 247 939 bana
276 897 341 939 Ol.
373 896 439 949 86,
469 898 496 937 4
525 896 606 938 hoc
637 895 894 949 colloquium
925 895 1116 936 habitum
1147 895 1285 951 putari
1318 895 1486 949 debeat,
1519 909 1555 935 V.

140 969 239 996 ann.
273 953 324 994 ad
354 968 394 1007 p.
417 953 500 994 315>
520 952 572 993 D.

250 1009 314 1051 Eo
358 1013 548 1062 tempore
587 1007 743 1050 Callias
789 1007 945 1062 viginti
985 1007 1073 1047 fere
1113 1020 1248 1047 annos
1289 1008 1414 1047 natus
1454 1008 1557 1058 erat,

140 1069 251 1108 certe
282 1079 369 1106 non
399 1065 533 1105 multo
564 1064 719 1117 maior,
756 1063 798 1104 id
830 1063 940 1117 quod
971 1063 1069 1104 inde
1102 1063 1295 1117 colligas,
1329 1062 1438 1115 quod
1470 1076 1559 1102 sex-

141 1123 290 1177 aginta
321 1122 443 1162 annis
473 1123 570 1175 post
600 1119 686 1175 (Ol.
716 1120 803 1168 102,
827 1120 853 1159 2
874 1120 961 1160 sive
983 1134 1020 1160 a.
1042 1119 1142 1164 372)
1172 1118 1336 1173 legatus
1360 1118 1557 1171 Spartam

138 1180 292 1219 missus
323 1177 475 1230 est⁴⁷);
506 1190 585 1217 nec
615 1178 759 1216 tamen
786 1178 875 1216 tum
900 1175 1039 1216 minus
1061 1175 1214 1228 viginti
1237 1189 1370 1215 annos
1392 1174 1558 1215 habuit.

139 1234 250 1275 Nam
293 1233 438 1273 eadem
476 1235 613 1273 matre
652 1234 775 1272 natus
816 1234 940 1285 atque
979 1230 1249 1284 Xanthippus
1289 1233 1330 1271 et
1367 1229 1559 1282 Paralus,

139 1289 313 1331 Periclis
343 1289 434 1342 filii,
465 1291 603 1328 aetate
634 1302 705 1328 eos
737 1287 966 1328 antecessit
978 1287 1052 1339 ⁴⁸³)3
1087 1288 1254 1327 constat
1284 1288 1425 1326 autem
1446 1285 1561 1327 Xan-

138 1346 334 1399 thippum
364 1345 409 1385 in
439 1344 754 1384 matrimonium
776 1344 941 1383 duxisse
963 1342 1094 1383 filiam
1114 1341 1355 1393 Isandri‘w),
1387 1344 1434 1382 ut
1457 1342 1558 1395 ipse,

141 1416 272 1456 quum
304 1400 367 1442 Ol.
390 1400 456 1454 87,
478 1400 504 1440 2
535 1399 781 1453 pestilentia
813 1401 1145 1451 consumeretur,
1179 1398 1448 1451 undeviginti
1480 1398 1559 1438 sal—

140 1460 226 1499 tem
257 1471 394 1498 annos
426 1456 701 1510 complevisse
732 1455 946 1509 putandus
978 1455 1044 1496 sit.
1093 1454 1212 1495 Adde
1245 1454 1354 1508 quod
1385 1468 1435 1494 ex
1457 1453 1561 1508 Hip-

141 1514 296 1568 ponico
337 1512 495 1555 Calliae
539 1515 695 1566 mater,
741 1512 985 1565 priusquam
1024 1510 1179 1551 Pericli
1217 1511 1386 1564 nupsit,
1433 1510 1561 1551 etiam

141 1570 419 1624 Hippareten,
439 1583 563 1623 quam
582 1570 729 1622 postea
745 1567 990 1608 Alcibiades
1015 1567 1096 1608 sibi
1111 1566 1385 1607 matrimonio
1409 1566 1561 1619 iunxit,

141 1626 327 1681 peperit,
367 1625 450 1666 iam
489 1624 705 1678 intelliges
736 1626 927 1665 nostram
959 1623 1009 1664 de
1039 1622 1199 1665 Calliae
1230 1624 1367 1663 aetate
1395 1625 1562 1663 senten-

142 1683 245 1724 tiam
277 1683 350 1722 aut
379 1695 522 1722 veram
553 1695 642 1721 esse
674 1682 748 1721 aut
778 1694 876 1721 vero
910 1680 1157 1733 proximam.

257 1738 321 1778 Ex
352 1737 402 1777 iis
434 1751 540 1790 quae
571 1737 818 1777 Athenaeus
849 1751 888 1790 p.
913 1736 995 1776 220
1026 1737 1067 1775 et
1098 1734 1344 1775 scholiastes
1376 1734 1428 1775 ad
1451 1733 1561 1774 Plat.

142 1793 367 1836 Menexen.
398 1807 439 1846 p.
468 1792 552 1834 235
580 1792 615 1832 Ε
654 1792 704 1832 de
744 1791 970 1832 Aeschinis
1010 1790 1214 1832 Socratici
1255 1790 1445 1845 dialogo,
1492 1789 1564 1843 qui

144 1849 297 1892 Callias
326 1849 555 1902 inscriptus
586 1848 678 1899 fuit,
711 1849 1004 1898 narraverunt,
1037 1847 1245 1888 coniicere
1266 1846 1368 1887 licet
1389 1846 1564 1887 Aeschi-

145 1920 244 1947 nem
274 1905 394 1946 illum
425 1904 638 1959 dialogum
671 1904 722 1944 ad
754 1904 864 1945 idem
886 1904 973 1944 fere
995 1906 1162 1957 tempus
1184 1903 1406 1956 aptavisse.
1452 1901 1565 1943 Nam

143 1963 185 2003 in
228 1975 276 2003 eo
317 1961 444 2014 libro,
482 1961 526 2001 in
568 1974 649 2014 quo
681 1959 840 2001 Calliae
871 1974 966 2001 cum
997 1959 1239 2013 Hipponico
1271 1961 1392 2012 patre
1423 1958 1566 1998 simul-

143 2020 275 2059 tatem
296 2017 490 2071 pluribus
512 2018 833 2067 memoraverat,
855 2030 942 2056 non
964 2016 1086 2056 modo
1104 2016 1387 2069 Anaxagorae
1410 2014 1446 2066 (ἶ)
1465 2014 1566 2054 Pro-

143 2074 339 2128 tagorae)
373 2075 415 2113 et
444 2072 612 2113 Prodici
643 2073 911 2126 disciplinam
942 2072 1147 2123 irriserat,
1181 2071 1251 2111 sed
1284 2071 1328 2111 in
1356 2070 1565 2111 Periclem

146 2130 272 2171 etiam
304 2131 347 2170 et
377 2129 601 2182 Aspasiam
631 2129 823 2169 invectus
855 2128 1018 2183 erat.⁵⁰)
1076 2127 1142 2168 Ex
1174 2141 1268 2180 quo,
1302 2127 1467 2180 opinor,
1501 2126 1566 2166 in-

146 2241 210 2276 ubi
235 2243 272 2276 et
297 2240 344 2275 de
368 2240 438 2274 hac
463 2250 500 2274 re
526 2242 565 2274 et
581 2239 625 2273 de
643 2239 795 2282 reliquis
811 2239 882 2272 huc
899 2237 1171 2282 pertinentibus
1190 2237 1349 2280 uberius,
1376 2248 1489 2280 quam
1507 2237 1567 2270 hic

147 2286 251 2327 licet,
291 2285 517 2330 disputatum
560 2286 625 2318 est.
682 2283 735 2318 De
768 2283 974 2317 Alcibiadis
1005 2282 1187 2316 Platonici
1219 2283 1342 2316 aetate
1373 2283 1570 2325 praeterea

147 2330 336 2375 disputavi
359 2330 395 2364 in
421 2329 593 2363 Zeitschr.
621 2329 644 2363 f.
672 2328 706 2363 d.
733 2328 990 2372 Gymnasialw.
1034 2327 1130 2361 Berl.
1158 2330 1244 2362 1858
1269 2338 1303 2370 p.
1323 2330 1512 2364 aco—266,

259 2379 317 2414 46)
343 2375 383 2409 In
410 2374 534 2408 Indice
566 2373 650 2408 lect.
679 2372 950 2417 Gryphiswald.
979 2375 1080 2413 18213
1113 2383 1196 2406 eum
1223 2383 1336 2415 quum
1362 2371 1425 2405 alii
1450 2371 1567 2405 secuti

147 2421 244 2461 sunt,
269 2422 348 2454 tum
374 2419 528 2453 Vischer
554 2418 748 2461 (Alcibiad.
775 2420 813 2452 et
837 2417 1026 2461 Lysander
1050 2429 1085 2461 p.
1110 2420 1167 2460 52)
1194 2417 1232 2451 et
1255 2416 1463 2461 Hertzberg
1489 2416 1567 2458 (Al-

150 2465 324 2506 cibiades,
350 2464 457 2498 Halle
485 2467 571 2499 1853
623 2493 629 2500 .
650 2468 691 2498 53
717 2465 754 2496 et
779 2465 822 2497 60
839 2471 918 2504 sq.).

265 2513 321 2552 47)
348 2508 516 2553 Xenoph.
545 2475 691 2543 Hellen.
718 2507 779 2541 VI.
807 2512 838 2548 3,
865 2511 893 2543 2.
926 2506 1076 2541 Diodor.
1103 2505 1181 2540 XV.
1209 2510 1262 2540 51.
1314 2505 1366 2539 De
1392 2505 1463 2538 hoc
1488 2504 1566 2538 viro

151 2555 315 2589 omnium
346 2553 627 2588 Atheniensium
665 2552 945 2597 opulentissimo
983 2553 1021 2585 et
1051 2561 1090 2585 so
1121 2550 1225 2584 histis
1254 2550 1408 2583 mirifice
1441 2549 1566 2583 dedito

151 2599 356 2643 disputavit
373 2598 536 2633 Perizon.
556 2598 601 2631 ad
619 2598 699 2632 Ael.
719 2597 761 2633 V.
780 2597 823 2633 H.
844 2601 894 2638 14,
911 2600 941 2630 6.
967 2595 1089 2631 Boeck
1122 2623 1128 2629 .
1155 2595 1208 2629 De
1227 2595 1424 2629 Oeconom.
1444 2595 1521 2628 Att.
1542 2594 1566 2629 I.

178 2669 186 2678 .
213 2648 288 2679 629.
325 2643 503 2678 Veterum
527 2643 748 2687 scriptorum
773 2641 873 2675 locos
895 2642 1086 2685 plurimos,
1113 2640 1176 2683 qui
1194 2640 1239 2674 de
1257 2639 1322 2674 illo
1340 2642 1467 2684 agunt,
1495 2639 1570 2673 col-

149 2656 245 2733 fegit
268 2688 459 2723 Heindorf.
489 2688 536 2722 ad
560 2687 709 2731 Protag.
736 2698 770 2730 p.
798 2691 858 2721 311
880 2687 922 2721 A.

265 2736 323 2777 48)
349 2733 382 2767 V
400 2735 525 2767 annot.
545 2732 593 2766 ad
609 2745 644 2777 p.
663 2736 728 2767 314
744 2731 783 2765 E.

267 2780 326 2821 49)
351 2777 536 2812 Plutarch.
563 2777 695 2813 Pericl.
723 2787 750 2813 e.
769 2780 823 2818 36,
845 2780 873 2811 1.
899 2775 1029 2810 Athen.
1045 2786 1082 2819 p.
1102 2779 1177 2812 589.
1195 2774 1240 2809 D.

267 2825 328 2865 50)
357 2822 489 2857 Athen.
514 2822 538 2856 l.
563 2822 588 2857 l.
622 2819 640 2856 ὁ
667 2820 708 2857 δὲ
729 2822 897 2860 Καλλίας
924 2818 1044 2855 αὐτοῦ
1073 2821 1154 2863 (τοῦ
1179 2819 1377 2864 Αἰσχίνου)
1403 2815 1569 2861 περιέχει

154 2864 223 2910 τὴν
256 2867 323 2902 τοῦ
354 2869 521 2902 Καλλίου
551 2866 644 2909 πρὸς
675 2866 740 2901 τὸν
774 2866 918 2910 πατέρα
951 2863 1146 2909 διαφορὰν
1177 2865 1242 2899 καὶ
1275 2862 1346 2908 τὴν
1372 2864 1570 2906 Προδίκου
