1939 3214
227 648 256 683 E

194 920 259 953 317

278 140 334 183 66
869 138 1109 174 PLATONIS

278 239 329 282 τὸ
362 239 555 294 ἐπαχθὲς
585 238 721 293 αὐτῆς
759 236 994 308 πρόσχημα
1024 242 1255 282 ποιεῖσθαι
1285 237 1360 280 καὶ
1390 237 1709 292 προκαλύπτε-

282 311 391 349 σθαι
421 322 527 355 τους
557 322 642 360 μεν
672 307 870 361 ποίησιν,
904 301 1003 348 οἷον
1020 304 1226 362 ’Ὅμηρόν
1244 321 1290 347 τε
1312 306 1387 347 καὶ
1402 302 1611 348 Ἡσίοδον
1632 306 1709 348 καὶ

282 374 560 429 Σιμωνίδην,
592 372 698 422 τούς
729 373 778 415 δὲ
809 373 865 414 αὐ
898 373 1077 423 τελετάς
1106 389 1155 416 τε
1176 371 1251 415 καὶ
1273 373 1626 428 χρησμῳδίας,τ
1603 372 1708 422 τοὺς

281 440 399 496 ἀμφί
425 456 471 483 τε
500 439 664 496 Ὀρφέα
695 440 769 482 καὶ
801 443 1058 493 Μουσαῖον,
1093 441 1243 489 ἐνίους
1274 439 1324 482 δέ
1351 455 1476 489 τινας
1505 438 1708 496 ᾔσθημαι

280 510 356 550 καὶ
385 509 709 563 γυμναστικήν,
745 501 843 549 οἷον
859 505 1006 557 Ἴκκος
1035 523 1083 549 τε
1105 506 1127 549 ὁ
1158 511 1432 562 Ταραντῖνος
1462 507 1536 548 καὶ
1568 505 1592 549 ὁ
1622 509 1707 549 νῦν

281 578 346 618 ἔτι
377 572 442 618 ὢν
472 573 660 623 οὐδενὸς
690 573 835 628 ἥττων
866 569 1083 629 σοφιστὴς
1106 573 1342 627 “Ἠρόδικος
1372 572 1395 616 5
1426 576 1708 628 Σηλυμβρια-

281 644 375 697 νός,
407 641 457 684 τὸ
489 643 538 684 δὲ
569 640 758 695 ἀρχαῖον
789 641 1044 696 Μεγαρεύς.
1104 640 1328 696 μουσικὴν
1359 642 1408 684 δὲ
1436 640 1711 695 Ἀγαθοκλῆς

282 725 329 752 τε
360 708 383 751 ὁ
414 707 628 764 ὑμέτερος
658 705 894 764 πρόσχημα
926 708 1182 764 ἐποιήσατο,
1214 710 1348 764 μέγας
1379 707 1444 751 ὢν
1475 708 1709 764 σοφιστής,

283 777 358 819 καὶ
382 777 699 831 Πυθοκλείδης
721 774 743 818 ὁ
764 779 898 825 Κεῖος
918 777 992 819 καὶ
1014 775 1144 819 ἄλλοι
1166 778 1339 822 πολλοί,
1386 769 1510 817 οὗτοι
1531 780 1709 830 πάντες,

283 843 435 899 ὥσπερ
466 843 605 898 λέγω,
646 846 926 899 φοβηθέντες
955 843 1034 886 τὸν
1065 843 1246 898 φθόνον
1275 851 1370 892 ταῖς
1399 844 1573 898 τέχναις
1602 843 1706 886 ταύ-

284 928 380 962 ταις
411 911 815 966 παραπετάσμασιν
848 912 1119 967 ἐχρήσαντο·
1169 911 1256 965 ἐγώ
1289 911 1339 953 δὲ
1369 911 1544 960 τούτοις
1574 910 1713 953 ἅπασι

285 977 397 1022 κατὰ
427 978 559 1021 τοῦτο
599 975 715 1020 εἶναι
754 976 809 1020 οὐ
841 978 1142 1034 ξυμφέρομαι·
1206 977 1401 1034 ἡγοῦμαι
1431 978 1517 1033 γὰρ
1549 976 1714 1027 αὐτοὺς

330 1107 362 1137 2.
381 1100 482 1137 οἷον
497 1097 764 1146 Ομηρον-]
784 1101 892 1143 Quo
881 1112 963 1136 iure

284 1147 512 1191 Protagoras
536 1146 596 1180 hic
622 1147 659 1180 et
682 1149 814 1190 poetas
840 1147 877 1181 et
902 1156 963 1181 eos

286 1202 428 1235 onmes,
456 1203 479 1226 a
503 1191 638 1234 quibus
657 1190 790 1225 Graeci
813 1191 962 1236 politio-

284 1248 364 1272 rem
387 1237 661 1271 humanitatem
678 1236 881 1286 habebant,
908 1246 964 1271 so-

284 1282 429 1332 phistas
448 1281 707 1331 appellaverit,
734 1281 773 1315 in
789 1281 964 1332 prolego-

285 1338 454 1371 menisp
468 1331 549 1369 lsq.
567 1326 779 1370 expositum
793 1330 858 1363 est
884 1325 964 1360 Ari-

287 1372 490 1416 stophanes
516 1374 605 1415 (ran
620 1383 654 1406 v.
673 1373 774 1414 1031)
803 1371 966 1415 Aeschy-

286 1417 363 1451 lum
404 1417 449 1451 de
488 1416 563 1458 his,
613 1426 704 1459 quos
743 1416 968 1460 Protagoras

288 1461 413 1541 affezt,
459 1461 582 1506 poetis
621 1461 674 1495 sic
714 1461 968 1505 disputantem

304 1517 361 1541 λ61

283 1558 450 1617 Ὀρφευς
464 1575 534 1606 μεν
548 1576 621 1615 γαρ
634 1560 789 1615 τελετάς
802 1560 848 1596 θ’
875 1559 968 1605 ἡμῖν

334 1607 534 1650 κατέδειξε
539 1606 687 1664 φόνων
695 1605 725 1641 τ’
738 1602 970 1660 ἀπέχεσθαι,

288 1655 489 1692 Μουσαῖος
510 1650 547 1687 δ’
577 1650 767 1695 ἐξακέσεις
790 1665 831 1687 τε
848 1650 969 1687 νόσων

334 1697 400 1731 καὶ
426 1696 634 1742 χρησμούς,
653 1697 833 1749 Ησίοδος
859 1696 902 1732 δὲ

288 1743 358 1787 γῆς
372 1739 566 1798 ε’ργασιας,
581 1740 737 1795 καρπῶν
755 1737 866 1786 ὥρας,
882 1737 970 1785 αρό-

334 1797 440 1827 τους·
467 1784 487 1822 5
515 1785 557 1822 δὲ
583 1789 695 1827 θεῖος
711 1783 879 1843 Όμηρος

291 1828 366 1867 ἀπὸ
391 1833 460 1867 τοῦ
486 1831 600 1886 τιμὴν
631 1833 697 1866 καὶ
723 1832 832 1872 κλεος
859 1831 969 1875 ἔσχεν

327 1873 436 1929 πλὴν
450 1874 554 1912 τοῦδ’
574 1874 634 1912 ότι
651 1874 778 1931 χρήστ’
798 1876 967 1919 ἐδίδαξε,

291 1919 438 1965 τάξεις,
486 1918 643 1968 ἀρετάς,
690 1919 862 1962 ὁπλίσεις
902 1920 967 1957 οἶν-

337 1969 457 2013 δρῶν;

337 2027 369 2058 5.
395 2022 498 2057 οἷον
513 2018 679 2067 Ἴκκος]
700 2023 814 2064 Iccus,
831 2022 968 2057 nobilis

292 2068 447 2109 athleta,
468 2068 563 2102 teste
578 2068 768 2111 Stephano
783 2067 870 2111 Byz.
888 2079 915 2102 s.
931 2079 966 2102 v.

297 2111 426 2156 Τάρας
460 2113 558 2147 circa
589 2112 735 2157 Olymp.
763 2117 803 2147 77
830 2117 877 2155 (a.
902 2116 968 2147 470

293 2168 325 2194 a.
336 2157 418 2194 Chr.
428 2159 478 2201 n.)
487 2158 620 2192 floruit.
638 2158 726 2192 Eius
740 2157 969 2198 mentionem

292 2202 385 2237 facit
419 2202 527 2237 Plato
560 2203 674 2237 etiam
699 2203 744 2236 de
776 2202 850 2246 leg.
878 2202 969 2236 VIII

293 2259 329 2292 p.
346 2251 412 2282 839
426 2247 466 2289 Ε,
492 2248 558 2282 ubi
582 2260 617 2283 v.
640 2248 719 2282 Ast.
745 2247 854 2281 Illum
879 2247 969 2280 Pro-

292 2294 457 2336 tagoras,
485 2303 597 2335 quem
620 2293 658 2326 in
677 2292 800 2327 Sicilia
825 2293 971 2326 constat

292 2338 481 2372 versatum
491 2341 626 2378 esse(v.
635 2337 746 2389 ῌίΡΡ
756 2338 781 2371 Ι.
790 2349 826 2381 Ρ.
835 2341 900 2372 282
910 2336 970 2381 D)

292 2382 332 2416 in
358 2393 401 2417 eo
426 2382 559 2417 itinere
584 2382 623 2416 in
640 2383 721 2425 ipso
741 2382 903 2416 Tarento
920 2394 971 2416 vi-

296 2427 391 2462 disse
417 2422 668 2482 (ᾐσθῆσθαι)
685 2427 871 2471 putandus
904 2428 970 2461 est.

341 2476 372 2506 6.
385 2463 633 2517 Ηρόδικος
652 2470 670 2506 5
692 2475 755 2516 Ση
767 2473 812 2514 λ]
830 2472 971 2506 Hero

296 2517 444 2557 dicus,
484 2529 507 2552 a
531 2486 758 2561 861γῑ1ὼ1ι1λη,
792 2516 971 2551 Thraciae

295 2563 403 2605 urbe,
435 2563 483 2597 ad
508 2529 777 2612 Propontidem
802 2561 891 2604 sita,
917 2561 972 2596 ita

297 2608 429 2650 dictus,
449 2607 735 2651 distinguendus
752 2606 816 2641 ille
834 2606 881 2641 ab
899 2606 971 2641 He-

296 2652 434 2695 rodico,
460 2653 622 2696 Gorgiae
649 2653 764 2686 fratre
790 2651 916 2695 (Gorg.
934 2664 971 2696 p.

295 2700 362 2732 448
376 2680 434 2739 B),⁷
457 2698 576 2731 artem
602 2696 872 2741 gymnasticam
890 2707 973 2730 cum

296 2741 443 2776 medica
467 2743 546 2776 arte
571 2742 801 2786 copulavisse
827 2741 973 2779 dicitur

297 2798 332 2821 v.
351 2786 385 2824 d,
400 2797 466 2830 rep
470 2786 545 2821 ubl.
563 2787 791 2831 111p.406A.
812 2786 971 2821 Phaedr.

296 2843 332 2876 p.
358 2835 424 2867 227
450 2832 542 2868 extr.
566 2831 695 2866 Stalzb.

1079 1105 1110 1135 7.
1147 1098 1194 1135 τὸ
1235 1100 1283 1135 δὲ
1323 1099 1522 1146 αρχαῖον
1559 1105 1716 1160 Μεγα-

1034 1144 1151 1190 ρεύς]
1178 1146 1341 1196 Megaris
1366 1148 1488 1188 natus,
1513 1147 1578 1181 sed
1603 1158 1626 1181 a
1651 1146 1713 1182 Se-

1032 1190 1254 1234 lymbrianis
1272 1192 1544 1241 posteaquam'
1534 1203 1572 1226 111
1587 1203 1714 1227 eorum

1033 1236 1165 1271 urbem
1182 1247 1220 1270 se
1239 1236 1459 1278 contulerat,
1479 1236 1630 1272 civitate
1649 1237 1713 1272 do-

1033 1283 1143 1316 natus
1161 1283 1229 1323 est,
1248 1281 1344 1318 conf
1360 1281 1405 1315 de
1421 1282 1493 1325 leg.
1511 1281 1575 1326 Ip.
1591 1282 1714 1316 729A:

1032 1325 1338 1383 προστησωμεθα
1375 1328 1469 1370 γοῦν
1511 1327 1715 1371 Τύρταιον,

1036 1373 1104 1408 τὸν
1124 1371 1238 1416 φύσει
1257 1384 1330 1415 μεν
1352 1369 1569 1416 Ἀθηναῖον,
1590 1373 1715 1407 τῶνδε

1039 1418 1083 1454 δε
1105 1418 1195 1470 (τῶν
1207 1417 1540 1461 Λακεδαιμονίων)
1555 1418 1715 1461 πολίτην

1039 1461 1260 1509 γενόμενον.

1081 1516 1367 1563 Ἀγαθοκλῆς
1408 1530 1455 1553 τε
1492 1514 1512 1553 5
1553 1514 1717 1562 νμέτε-

1039 1532 1161 1644 ῗὲοςῖ)
1175 1532 1719 1650 ADg-..asstssffifzt‘ffieffl

1732 859 1767 884 10

1040 1654 1175 1688 aetatis
1201 1652 1410 1694 clarissimi,
1446 1654 1628 1697 magister
1653 1664 1718 1697 ap-
1732 1654 1735 1660 '

1038 1699 1211 1742 p.ellatur
1273 1697 1333 1741 Py
1342 1698 1575 1732 thoclides
1618 1698 1716 1732 Alci-

1039 1743 1138 1781 biad
1165 1743 1190 1777 I.
1280 1745 1345 1776 118
1372 1743 1397 1777 O
1429 1742 1580 1777 Periclis
1610 1753 1717 1786 prae-

1039 1789 1168 1832 ceptor
1184 1787 1296 1821 fuisse
1313 1788 1499 1824 narratur,
1536 1787 1590 1822 De
1616 1789 1718 1822 utro

1039 1844 1111 1876 que
1144 1832 1316 1877 exposuit
1348 1831 1533 1877 copiosius
1566 1832 1718 1867 Groen

1038 1889 1122 1912 van
1175 1877 1439 1912 Prinsterer
1492 1876 1719 1923 Prosopo-

1037 1923 1258 1979 graphiae
1279 1922 1454 1956 Platon.
1473 1933 1510 1965 Ρ,
1534 1926 1659 1965 185sq
1675 1943 1718 1947 —

1036 1967 1186 2011 ὥσπερ
1213 1966 1342 2011 λέγω,
1368 1967 1450 2001 wie
1476 1968 1655 2011 gesagt,
1680 1979 1716 2002 v

1036 2014 1225 2049 Phaedon.
1247 2024 1287 2056 p.
1307 2011 1406 2048 570
1438 2011 1497 2055 Ap
1501 2011 1598 2056 olog.
1617 2011 1717 2047 Socr.

1036 2071 1073 2103 p.
1098 2059 1200 2092 21A.
1226 2057 1354 2100 ibique
1380 2058 1505 2091 annot.
1531 2023 1661 2092 Stgallb

1085 2118 1138 2149 12.
1170 2111 1287 2148 κατὰ
1325 2125 1461 2147 τουτο
1501 2110 1627 2146 εἶναι
1665 2109 1717 2148 οὗ

1039 2157 1718 2202 ξυμφερομαι]1111111ν61·ο611111

1037 2204 1108 2239 his
1134 2203 1358 2245 omnibus,
1377 2203 1596 2245 quantum
1620 2202 1717 2246 qui-

1041 2249 1136 2284 dem
1177 2248 1230 2283 ad
1271 2248 1355 2282 hoc
1395 2248 1583 2289 attinet,
1630 2257 1719 2281 non

1040 2294 1271 2330 convenit.
1311 2292 1367 2326 De
1393 2291 1554 2326 dictione
1573 2291 1717 2335 συμφέ-

1041 2340 1184 2383 ρεσθαί
1206 2351 1300 2380 τινι,
1335 2336 1596 2372 consentire
1623 2348 1718 2371 cum

1042 2384 1221 2427 aliquo,
1240 2382 1337 2418 conf.
1353 2381 1569 2416 Hermodot
1590 2382 1617 2424 I,
1636 2385 1718 2416 173:

1043 2442 1084 2464 εν
1123 2428 1212 2463 τόδε·
1250 2429 1352 2463 ἴδιον
1387 2427 1611 2469 νενομίκασι
1651 2427 1719 2461 και

1042 2469 1252 2517 ουδαμοῖσι
1278 2469 1426 2507 αλλοισι
1454 2471 1718 2515 συμφέρονται

1042 2515 1144 2562 ανθρ
1148 2519 1293 2555 ω’ποισι.
1325 2516 1438 2552 Plat
1458 2516 1551 2550 Tim.

1042 2533 1268 2606 Charmidp
1274 2561 1421 2596 1.64Ι).
1441 2561 1487 2595 al.
1511 2561 1718 2612 Infinitivus

1041 2607 1142 2643 εἶναι
1161 2607 1232 2641 etsi
1244 2574 1420 2641 similiter
1445 2607 1558 2648 atque
1582 2606 1621 2640 in
1645 2606 1717 2640 for—

1041 2653 1143 2687 mula
1173 2648 1270 2687 ἕκὼν
1302 2650 1403 2686 εἶναι
1434 2650 1590 2701 aliisque
1615 2650 1721 2685 addi-

1041 2700 1100 2732 tus
1117 2696 1275 2739 videtur,
1294 2698 1423 2731 tamen
1439 2695 1603 2749 vulgaris
1620 2696 1716 2730 ratio

1042 2743 1143 2777 certe
1179 2741 1356 2785 exigebat
1390 2739 1432 2776 τὸ
1470 2754 1567 2775 κατα
1605 2742 1718 2775 τοῦτο

1043 2788 1163 2829 εἶναι,
1187 2787 1251 2820 sed
1275 2798 1427 2830 prorsus
1452 2785 1581 2821 eodem
1605 2785 1719 2820 modo

1043 2831 1187 2867 Politic.
1212 2843 1250 2875 Ρ.
1277 2836 1343 2867 300
1369 2831 1412 2867 C:
1455 2830 1509 2871 εἰς
1547 2829 1718 2875 δύναμιν

1572 2528 1608 2560 Ρ.
1623 2516 1729 2551 2513.-
