1939 3214
320 158 348 199 4
825 156 1195 193 PROLEGOMENA

322 258 598 300 inchoaverat
640 259 682 298 et
718 257 763 298 in
795 271 970 312 graecas
1003 258 1128 299 urbes
1157 258 1393 311 induxerat,
1426 257 1606 301 Platone
1637 261 1747 302 teste

322 315 507 355 maxima
545 328 641 355 cum
671 313 787 354 fama
816 327 867 355 ac
897 314 1034 368 gloria
1065 328 1141 368 per
1171 313 1454 368 quadraginta
1483 329 1618 357 annos
1648 316 1678 357 i.
1709 330 1746 358 e.

323 371 375 411 ab
407 384 522 411 anno
553 370 637 411 455
668 370 720 410 ad
751 384 909 410 annum
940 369 1025 411 415
1054 385 1090 411 a.
1124 370 1225 414 Chr.
1257 384 1299 413 n.
1332 372 1523 411 versatus
1554 373 1629 412 est.
1638 371 1688 426 ¹¹)

437 426 697 489 Protagorae
711 425 989 489 temporibus
1022 428 1065 467 et
1095 428 1221 467 antea
1251 426 1336 467 iam
1358 426 1482 466 multi
1503 426 1614 468 vitae
1637 441 1746 469 oom-

322 482 447 523 moda
471 482 635 536 ingenii
657 482 722 523 sui
745 482 876 536 copiis
899 484 1073 535 accepta
1094 481 1352 523 retulerunt:
1385 481 1460 523 alii
1481 482 1594 524 enim
1615 497 1744 537 quum

321 542 489 592 praeter
531 541 692 579 ceteros
723 538 879 578 mentis
911 538 999 578 acie
1032 540 1075 578 et
1105 538 1318 591 sapientia
1348 538 1566 589 flor·,e1ent
1607 553 1747 580 rerum

320 594 588 648 publicarum
632 594 898 647 principibus
946 593 1236 634 familiaritate
1283 594 1499 635 coniuncti
1543 597 1668 635 erant
1707 597 1749 636 et

321 664 464 690 eorum
504 649 770 704 benignitate
808 649 1059 703 utebantur,
1103 650 1173 690 alii
1213 650 1471 691 carminibus
1510 650 1748 704 potentium

322 706 584 759 divitumque
616 706 770 746 civium
801 708 928 759 atque
959 705 1063 746 adeo
1094 707 1281 747 totarum
1312 706 1533 747 civitatum
1563 706 1748 748 liberali-

320 764 454 803 tatem
481 761 773 811 merebantur‚
815 761 888 802 alii
919 761 1078 815 scripta
1108 776 1182 802 sua
1212 762 1349 816 pretio
1379 763 1641 813 recitabant,
1675 762 1747 803 alii

321 818 444 859 aliter
474 817 718 859 reconditae
750 817 1000 858 eruditionis
1030 818 1237 859 beneficio
1267 821 1380 859 recte
1411 820 1453 859 et
1483 819 1660 860 honeste
1686 819 1748 859 rei

321 874 525 915 familiari
564 874 954 928 prospiciebant.¹2)
1015 873 1122 915 Cum
1159 873 1225 914 his
1257 874 1388 929 igitur
1417 875 1612 916 omnibus
1642 873 1743 915 Pro-

320 933 497 985 tagorae
535 943 582 970 eo
614 929 726 984 quod
757 929 950 971 mercede
982 929 1244 982 docebat23),
1284 930 1393 971 nihil
1423 930 1512 972 fere
1542 930 1744 972 discrimi-

323 987 390 1027 nis
436 987 694 1040 interoessit3
742 986 905 1027 solebat
952 986 1085 1035 enim,
1131 988 1180 1027 ut
1214 986 1335 1027 Plato
1373 987 1419 1027 in
1457 986 1535 1028 hoc
1573 986 1745 1040 dialogo

322 1057 364 1096 p.
387 1042 469 1083 328
491 1042 527 1082 Β
559 1042 760 1096 prodidit,
795 1042 1012 1096 discipulis
1044 1042 1303 1095 permittere,
1334 1045 1379 1083 ut
1410 1043 1494 1096 ipsi
1524 1042 1746 1083 scientiam

321 1113 345 1139 a
378 1112 421 1139 se
451 1099 653 1139 traditam
685 1097 960 1139 aestimarent
986 1099 1219 1152 quantique
1241 1098 1389 1139 iuratis
1412 1112 1503 1139 esse
1523 1098 1748 1149 videretur,

323 1157 491 1195 tantum
523 1154 604 1195 sibi
625 1154 851 1195 solverent.
898 1153 1166 1207 Longissime
1188 1167 1285 1194 vero
1307 1154 1359 1194 ab
1381 1154 1465 1195 illis
1487 1168 1592 1208 quos
1615 1153 1747 1208 signi·

323 1211 448 1251 ficavi
479 1210 646 1252 diversa
676 1210 760 1251 fuit
779 1212 913 1273 oratio,
947 1224 1028 1263 qua
1048 1210 1307 1262 Protagoras
1339 1210 1491 1251 altiora
1522 1210 1663 1251 studia
1684 1224 1747 1250 ar-

322 1270 471 1320 tesque
501 1267 672 1308 fovebat
703 1269 744 1307 et
775 1266 820 1306 in
843 1266 1091 1307 societatem
1123 1244 1288 1307 civilem
1321 1266 1576 1308 conferebat.
1636 1265 1749 1307 Nam

325 1322 544 1376 omnibus,
592 1323 663 1377 qui
704 1321 859 1363 scholis
898 1322 986 1363 eius
1026 1323 1231 1363 interesse
1270 1322 1488 1376 volebant,
1536 1323 1747 1376 ingenuas

326 1378 542 1420 doctrinas
582 1379 634 1419 ad
674 1392 795 1419 usum
835 1383 1051 1431 artemque
1091 1378 1201 1419 vitae
1243 1379 1431 1433 cogitata
1470 1379 1635 1419 ratione
1665 1380 1749 1419 tra-

320 1435 419 1476 dere
451 1435 535 1476 fuit
564 1436 753 1489 paratus.

432 1490 581 1545 Itaque
613 1505 741 1545 quum
773 1489 943 1544 quidem
973 1489 1044 1530 ille
1076 1490 1356 1531 humanitatis
1388 1492 1430 1531 et
1460 1490 1630 1531 virtutis
1659 1504 1750 1531 ma-

322 1547 503 1601 gistrum
534 1562 578 1588 se
609 1547 902 1601 profitebatur,
936 1546 976 1586 id
1009 1546 1235 1599 disciplina
1265 1560 1309 1586 se
1338 1545 1622 1599 pollicebatur
1651 1546 1747 1587 effe-

322 1606 510 1657 cturum,
543 1607 589 1644 ut
620 1604 861 1657 quicunque
893 1602 973 1643 sibi
1004 1616 1176 1656 operam
1208 1602 1377 1655 darent,
1417 1602 1446 1642 ii
1477 1602 1643 1643 illorum
1673 1602 1748 1644 ho·

321 1659 482 1700 minum
522 1660 680 1712 instar,
728 1659 799 1712 qui
839 1658 939 1698 olim
981 1658 1195 1712 sophistae
1226 1658 1327 1699 dicti
1359 1661 1498 1708 erant,
1539 1658 1748 1712 sapientia

323 1718 574 1757 ornarentur
604 1715 790 1768 bonique
822 1715 933 1754 cives
964 1714 1128 1767 fierent,
1160 1715 1231 1768 qui
1260 1728 1326 1754 res
1359 1716 1401 1754 et
1432 1714 1681 1755 domesticas
1706 1718 1748 1756 et

322 1771 514 1825 publicas
559 1771 790 1825 prudenter
834 1784 981 1824 gerere
1028 1773 1213 1824 possent.
1274 1769 1491 1811 Virtutem
1529 1784 1648 1823 vero,
1695 1771 1747 1811 ad

436 1907 490 1947 11)
518 1904 617 1940 Men.
637 1917 670 1948 p.
690 1909 729 1938 91
750 1904 798 1937 E:
827 1902 934 1957 οἶμαι
960 1902 1031 1947 γὰρ
1059 1899 1178 1937 αὐτὸν
1205 1902 1495 1958 (Πρωταγόραν)
1522 1899 1747 1938 ἀποθανεῖν

323 1947 433 2003 ἐγγὺς
459 1950 524 1984 ’καὶ
552 1946 837 2005 ἑβδομήκοντα
843 1947 906 1991 ἐτη
922 1945 1122 2001 yeyovdta,
1149 1945 1428 1989 τετταράκοντα
1447 1945 1489 1981 δε
1509 1944 1548 1981 ἐν
1566 1950 1611 1992 τῇ
1630 1947 1746 1993 τέχιῃ

320 2007 431 2029 οἨῑα“
458 2008 524 2029 noct
550 1992 591 2029 ἐν
616 2006 759 2028 απᾱνῑι
785 2007 834 2027 tm
862 2005 983 2037 χρονω
1012 2005 1131 2034 Ἔθυϊφ
1158 2005 1213 2027 su
1241 1992 1294 2032 εἰς
1319 1991 1390 2036 τὴν
1416 1991 1562 2035 ἡμέραν
1586 1994 1746 2037 ταυτηνί.

321 2036 535 2081 εὐδοκιμῶν
565 2035 682 2073 ουδὲν
714 2029 919 2073 πέποῖυται.
971 2039 1066 2072 conf
1100 2029 1146 2071 de
1178 2047 1255 2080 rep.
1279 2036 1322 2071 X.
1348 2048 1382 2080 p,
1409 2038 1530 2076 6000,
1579 2036 1634 2071 De
1669 2038 1748 2071 vita

320 2086 358 2118 et
395 2083 634 2127 philosophia
668 2083 776 2116 huius
811 2082 1001 2127 sophistae
1039 2081 1290 2126 copiosissime
1328 2083 1485 2124 egerunt
1521 2081 1627 2116 Joan.
1661 2080 1746 2116 Frei

321 2128 564 2170 Quaestiones
589 2127 841 2171 Protagoreae
867 2127 998 2169 (Bonn.
1016 2129 1118 2170 1845)
1145 2128 1182 2160 et
1197 2127 1302 2161 Joan.
1328 2126 1502 2170 Vitringa
1527 2126 1746 2170 Disquisitio

321 2174 366 2207 de
382 2173 612 2216 Protagorae
637 2173 716 2207 vita
740 2173 778 2207 et
800 2172 936 2216 philos.
960 2170 1155 2216 G<roning
1177 2175 1290 2211 1852).
1329 2171 1384 2205 Ι)6
1411 2181 1506 2205 anno
1525 2181 1596 2214 quo
1614 2172 1745 2221 Prota-

321 2229 450 2297 gossals3
469 2229 494 2296 e}
525 2217 622 2297 vlitaP
625 2215 1201 2297 1616163311ἐῑ80111ᾱ68Ξ1μ131606361·111
1187 2216 1233 2249 sit
1264 2197 1308 2252 H
1340 2215 1491 2251 Muller-
1495 2215 1672 2259 Strfibing
1706 2215 1744 2249 in

347 2274 368 2297 a
396 2275 413 2297 r
494 2289 500 2296 .
526 2274 544 2296 6
651 2274 662 2295 1
680 2273 700 2296 0
880 2275 890 2296 J

439 2311 495 2349 12)
522 2307 774 2351 Anaxagoras,
801 2274 1034 2349 quiIPericlis
1060 2305 1223 2339 animum
1248 2316 1370 2339 rerum
1397 2304 1608 2338 sublimium
1627 2303 1745 2339 scien

319 2352 374 2386 tia
405 2352 614 2395 imbuerat,
648 2363 760 2395 quum
793 2352 917 2385 aetate
950 2350 1142 2404 decrepita
1166 2351 1212 2385 ab
1239 2360 1282 2385 6ο
1307 2350 1576 2406 negligeretur,
1609 2348 1745 2384 dixisse

320 2397 459 2431 fertur:
487 2396 514 2430 ὠ
534 2399 748 2440 Περίκλεις,
775 2397 839 2430 καὶ
866 2394 904 2430 οἷ
926 2398 993 2430 τοῦ
1020 2394 1159 2439 λύχνου
1186 2397 1316 2439 χρείαν
1343 2394 1494 2438 ἔχοντες
1521 2393 1649 2428 ἔλαιον
1667 2391 1744 2428 ἐπι-

324 2441 496 2485 χέουσιν,
525 2441 601 2475 vid.
638 2441 823 2476 Plutaissch
851 2440 915 2477 vit.
940 2440 1071 2475 Pericl.
1097 2443 1195 2474 c.16.
1233 2439 1288 2473 De
1312 2439 1471 2473 Pindaro
1497 2438 1570 2472 vid
1595 2439 1671 2475 not
1697 2438 1745 2472 ad

320 2487 471 2530 Protag.
506 2497 541 2529 p.
568 2489 633 2520 337
659 2485 690 2519 D
718 2486 754 2520 et
779 2485 824 2519 de
851 2484 1039 2519 Simonide
1065 2484 1178 2519 schol.
1204 2484 1252 2518 ad
1276 2484 1427 2527 Aristop
1429 2483 1464 2520 h
1489 2483 1574 2517 Pac.
1599 2487 1675 2518 697.
1700 2502 1744 2507 —

325 2530 380 2565 De
398 2531 580 2566 Herodoti
605 2529 889 2564 recitationibus
906 2529 1093 2564 Plutarch.
1116 2530 1161 2563 de
1179 2528 1362 2572 malignit
1378 2495 1513 2562 Herod.
1533 2539 1562 2565 c.
1579 2531 1621 2562 26
1635 2529 1742 2563 etsi.

440 2577 496 2618 13)
521 2575 670 2609 Flavius
687 2574 933 2609 Philostratus
959 2574 1050 2618 (Vit.
1070 2585 1109 2608 so
1111 2574 1187 2618 ph)
1214 2574 1338 2607 censet
1354 2572 1600 2622 Protagoram
1616 2572 1672 2606 ita
1694 2572 1744 2606 fe-

325 2619 416 2654 cisse
442 2631 515 2654 non
540 2620 612 2653 sibi
638 2621 702 2654 sed
729 2619 917 2663 discipulis
943 2619 1212 2654 consulentem:
1239 2613 1280 2652 τὸ
1306 2617 1472 2671 μισθοῦ,
1498 2616 1631 2660 inquit,
1659 2618 1744 2650 δια-

326 2664 508 2718 λέγεσθαι
528 2661 801 2718 Πρωταγόρας
811 2664 906 2707 εὐρε,
933 2663 1078 2715 πρῶτος
1104 2662 1146 2697 δὲ
1171 2661 1397 2705 παρέδωκεν
1410 2644 1566 2714 ‘'EM-‚mn
1584 2663 1741 2716 πρᾶγμα

323 2708 367 2743 οὐ
393 2722 575 2753 μεμπτον.
608 2705 632 2742 ἃ
659 2723 730 2753 γαρ
757 2705 828 2743 σὺν
846 2707 1002 2753 δαπάνῃ
1022 2706 1301 2750 σπουδάζομεν,
1327 2708 1471 2757 μᾷλλον
1488 2703 1742 2750 ἀσπαζόμεθα

322 2755 398 2788 τῶν
428 2758 579 2797 προῖκα.
630 2753 738 2788 Certe
768 2753 807 2786 in
840 2753 1019 2797 plurimos
1045 2765 1089 2788 ex
1112 2752 1156 2786 113
1181 2762 1245 2794 qui
1268 2751 1339 2786 hoc
1363 2763 1401 2785 111
1426 2751 1593 2795 sophista
1616 2761 1741 2794 repre-

323 2798 543 2840 henderunt,
571 2798 671 2832 cadit
690 2797 782 2832 illud
799 2765 918 2832 Taciti
936 2797 1096 2842 (Dialog.
1114 2808 1142 2834 6
1163 2799 1219 2838 8):
1247 2796 1395 2831 divitias
1420 2797 1458 2832 et
1482 2806 1571 2841 opes
1597 2795 1742 2830 facilius

322 2843 487 2878 invenies
511 2843 576 2886 qui
601 2843 815 2887 vituperent
839 2853 951 2886 quam
976 2843 1039 2886 qui
1062 2841 1265 2878 fastidiant.
