1907 3230
671 171 1011 210 PROTAGORAS.
1037 172 1075 207 P.
1104 177 1168 209 317
1197 173 1264 208 ST.
1605 176 1660 217 69

250 274 304 314 Τί
331 266 432 326 οὖν,
465 274 580 327 ἔφην
612 272 713 326 ἐγώ,
747 270 802 314 οὐ
832 271 906 314 καὶ
936 274 1169 329 Πρόδικον
1200 274 1272 315 καὶ
1298 272 1471 315 Ἱππίαν
1504 275 1655 318 ἑκαλέ-
1684 288 1714 322 D

245 351 385 393 σαμεν
423 340 497 380 καὶ
535 338 640 388 τούς
679 339 773 393 μετ’
813 337 983 393 αὐτῶν,
1032 341 1107 381 ἴνα
1155 340 1470 382 ε’πακούσωσιν
1513 340 1660 395 ἡμῶν;

243 406 379 447 Πάνυ
417 406 499 460 μὲν
538 401 645 459 οὖν,
693 408 778 460 ἔφη
825 404 846 448 6
888 408 1207 461 Πρωταγόρας.
1280 408 1510 449 Βούλεσθε
1563 404 1660 461 οὖν,

243 469 484 522 ὁΚαλλίας
515 475 614 529 ἔφη,
648 473 889 527 συνέδριον
920 474 1339 527 κατασκευάσωμεν,
1373 475 1447 516 ἵνα
1478 476 1662 526 καθεζό-

203 560 219 585 5
243 555 373 594 μενοι
409 539 696 594 διαλέγησθε;
747 538 915 582 Ἐδόκει
947 544 1116 595 χρῆναι.
1178 539 1363 595 ἅσμενοι
1410 541 1459 583 δὲ
1489 542 1664 595 ι’πάντες

243 606 389 661 ἡμεῖς,
431 604 489 656 ὥς
525 604 824 661 ἀκουσόμενοι
856 605 1040 662 ἀνδρῶν
1071 611 1243 662 σοφῶν,
1276 608 1350 649 καὶ
1381 606 1507 650 αὐτοὶ
1538 607 1662 652 ἅντι-

243 673 483 728 λαβόμενοι
516 675 606 715 τῶν
636 673 826 728 βάθρων
856 673 931 716 καὶ
961 676 1050 716 τῶν
1082 676 1250 716 κλινῶν
1282 677 1663 730 κατεσκευάζομεν

242 740 363 795 παρὰ
402 745 461 796 τῷ
494 739 658 796 Ἱππίᾳ·
699 741 792 782 ἐκεῖ
828 739 916 796 γάρ
947 745 1211 797 προϋπῆρχε
1241 740 1294 782 τὰ
1324 742 1496 796 βάθρα·
1533 743 1583 785 ἐν
1614 743 1662 784 δὲ

241 807 384 863 τούτῳ
419 809 617 856 Καλλίας
655 822 701 849 τε
740 808 815 848 καὶ
855 806 1136 863 Ἀλκιβιάδης
1174 805 1339 862 ἡκέτην
1377 808 1539 862 ἄγοντε
1583 808 1663 851 τὸν
1687 810 1715 844 Ε

192 889 225 914 ιο
242 874 497 930 Πρόδικον,
539 874 870 930 ἀναστήσαντες
902 876 951 917 ἐκ
989 877 1064 930 τῆς
1103 877 1278 930 κλίνης,
1319 876 1393 916 καὶ
1423 874 1527 924 τούς
1557 874 1665 929 μετὰ

241 945 322 984 τοῦ
353 943 600 996 Προδίκου.

356 1010 458 1064 Cap.
490 1010 566 1052 IX.
609 1009 728 1052 Ἐπεὶ
760 1010 808 1051 δὲ
840 1009 1002 1058 πάντες
1033 1010 1440 1064 συνεκαθεζόμεθα,
1475 1009 1497 1051 6
1529 1013 1660 1065 Πρω-

354 1137 386 1167 4.
414 1129 736 1177 καθεζόμενοι
762 1132 809 1166 T:
843 1119 1093 1177 καθιζόμενοι
1119 1134 1162 1174 Β,
1196 1144 1309 1176 quam
1334 1133 1557 1178 scripturam
1583 1145 1663 1168 am

241 1179 342 1223 plexi
374 1180 459 1213 sunt
489 1179 627 1214 recent.
669 1177 832 1212 editores
857 1188 1000 1220 omnes,
1033 1178 1098 1212 sed
1132 1189 1214 1212 cum
1240 1179 1384 1213 Veneto
1411 1180 1582 1233 congruit
1606 1189 1663 1213 se-

241 1234 357 1276 quens
384 1222 650 1277 συνεκαθεζόμ
656 1224 730 1257 εθα
756 1224 794 1257 et
817 1222 957 1257 Phaed.
984 1234 1019 1266 p.
1047 1226 1085 1256 61
1107 1223 1151 1257 C:
1185 1219 1219 1265 (6
1246 1221 1455 1280 Σωκράτης
1483 1221 1664 1258 α’νακαθ-

241 1264 413 1320 ιζόμενος
456 1267 510 1308 εἰς
549 1267 620 1321 τήν
656 1268 814 1321 κλίνην)
844 1269 995 1321 καθῆκε
1032 1280 1078 1301 τα
1121 1267 1233 1312 σκέλη
1274 1266 1337 1303 ἐπὶ
1369 1268 1440 1310 τὴν
1484 1268 1558 1318 γῆν
1595 1269 1661 1302 καὶ

241 1310 504 1357 καθεζόμενος
529 1308 647 1352 οὕτως
673 1309 748 1356 ἤδη
775 1309 821 1346 τὰ
849 1310 964 1346 λοιπὰ
991 1312 1202 1356 διελέγετο,
1230 1314 1342 1356 atque
1367 1312 1496 1353 Plato,
1529 1324 1559 1346 Sl
1590 1322 1663 1346 non

241 1357 408 1400 additur,
443 1366 516 1400 quo
548 1357 631 1399 quis
662 1367 804 1391 sessum
838 1358 899 1391 eat
929 1356 987 1391 vel
1018 1356 1081 1390 ubi
1112 1356 1257 1400 sedeat,
1290 1357 1550 1400 καθέζεσθαι,
1590 1368 1664 1391 ιιοιι

240 1403 478 1445 καθίζεσθαι
503 1402 692 1447 scripsisse
711 1401 870 1436 videtur.
942 1405 972 1436 5.
998 1396 1086 1446 άσμ
1099 1414 1145 1436 εν
1159 1415 1218 1436 οιι
1247 1412 1330 1436 cum
1348 1401 1480 1446 spiritu
1498 1402 1572 1437 leni
1590 1402 1662 1444 BT,

240 1447 306 1482 sed
335 1457 463 1482 veram
494 1447 653 1481 formam
685 1446 714 1480 Β
752 1446 915 1481 servavit
948 1445 1061 1502 Gorg.
1097 1457 1134 1490 p
1166 1449 1232 1481 486
1257 1446 1289 1480 D
1315 1456 1504 1501 eamque
1521 1447 1662 1481 indicat

240 1491 428 1537 corruptio
452 1491 632 1526 librorum
657 1490 801 1525 Politic.
826 1502 861 1534 p.
880 1495 946 1525 293
963 1491 992 1524 E
1019 1490 1190 1535 ἁσμένως
1216 1503 1283 1536 pro
1309 1485 1356 1531 ἃς
1381 1489 1451 1535 μὲν
1479 1488 1527 1532 ὡς
1552 1502 1661 1536 prae-

239 1537 420 1573 bentium.
513 1540 544 1572 6.
578 1533 735 1571 αὐτοὶι
775 1537 813 1570 ιιι
838 1535 906 1569 BT
931 1535 1082 1570 additur
1106 1549 1167 1579 τε,
1206 1536 1306 1579 quod
1345 1547 1388 1571 ex
1425 1535 1666 1590 praecedenti

239 1581 385 1635 syllaba
408 1594 467 1617 τοι
493 1583 616 1616 ortum
642 1582 679 1616 et
704 1580 793 1616 olim
824 1580 898 1615 iam
925 1580 1096 1617 eiectum
1182 1585 1214 1616 8.
1239 1579 1361 1624 παρὰ
1394 1581 1450 1626 τῷ
1477 1582 1525 1616 132
1558 1579 1663 1625 παρὰ

239 1624 306 1662 τὸν
333 1626 376 1663 Τ.
427 1630 458 1664 9
485 1627 654 1666 Καλλίας
672 1625 760 1660 BT:
787 1627 947 1669 Κριτίας
971 1625 1174 1680 Hermann,
1203 1626 1268 1660 sed
1293 1617 1450 1669 hospitis
1477 1627 1558 1661 erat
1573 1625 1662 1660 Pro-

240 1671 384 1715 dicum,
413 1672 456 1706 ut
487 1671 699 1713 accederet,
733 1671 903 1705 invitare.
983 1674 1035 1705 10.
1064 1667 1327 1713 ἆναστήσαντε
1353 1671 1446 1705 coni.
1472 1670 1663 1711 Heindorf,

241 1716 304 1751 sed
330 1718 374 1751 cf.
401 1716 562 1759 Euthyd.
589 1727 625 1760 p.
650 1697 716 1750 27’3
741 1715 785 1758 D,
812 1715 923 1759 Gorg
951 1726 987 1759 p.
1013 1719 1077 1750 481
1104 1716 1147 1759 D,
1171 1715 1330 1752 Phaedr
1357 1727 1392 1759 p.
1419 1719 1483 1751 278
1508 1715 1549 1749 Β.

288 1833 319 1863 1.
336 1821 506 1867 Τίοῦν,
534 1825 655 1881 ἔφην
680 1823 779 1871 ἐγώ,
799 1824 917 1870 ουκ.]
988 1827 1076 1861 tur.
1112 1839 1144 1864 v.
1167 1838 1211 1881 p
1239 1831 1304 1862 315
1329 1826 1380 1860 A.

240 1873 450 1908 Pronomen
487 1870 558 1917 ἐγώ
586 1873 741 1916 propter
777 1872 919 1916 longio-

239 1929 318 1953 rem
359 1918 557 1953 verborum
597 1916 917 1960 intercapedinem

238 1963 451 2008 repetitum

1419 1822 1484 1867 οὓς
1521 1824 1607 1871 ἄγει
1642 1823 1663 1862 6

990 1870 1254 1921 Πρωταγόρας.
1298 1871 1390 1906 Sunt
1414 1872 1477 1916 qui
1501 1872 1559 1905 his
1584 1882 1665 1906 ver-

988 1915 1045 1951 bis
1063 1916 1210 1951 Prodici
1235 1927 1385 1960 aegram
1411 1916 1665 1951 valetudinem

989 1961 1149 1996 describi
1175 1961 1402 2004 existiment,
1435 1962 1498 1995 sed
1524 1961 1665 1995 homini

284 2023 316 2055 4.
349 2017 368 2054 6
400 2020 609 2058 Καλλίας
643 2016 697 2060 ἔφ
708 2017 748 2062 η]
783 2018 919 2053 Contra

239 2065 432 2108 vulgarem
458 2064 633 2106 loquendi
650 2074 757 2097 usum
776 2062 917 2097 Calliae

239 2120 375 2144 nomen
414 2119 511 2142 nunc
557 2108 810 2158 praepositum
852 2108 919 2150 est,

241 2154 344 2189 cuius
376 2152 561 2188 sententia
590 2154 633 2187 ut
656 2152 814 2196 hospitis
840 2162 915 2186 om-

239 2198 342 2234 nium
368 2198 464 2233 esset
488 2197 717 2241 gravissima.

285 2258 315 2290 5.
327 2252 507 2305 Ἐδόκει
534 2254 715 2298 χρῆναι]
730 2253 918 2296 Frequens

245 2302 300 2335 est
317 2300 386 2334 hoc
409 2299 447 2333 in
472 2299 683 2340 narratione
702 2298 918 2352 asyndeton,

240 2346 284 2379 ut
307 2344 405 2379 infra
428 2355 464 2387 p.
490 2347 555 2379 338
575 2343 621 2392 Eg
648 2339 775 2378 ἐδόκει
801 2342 917 2377 πᾶσιν

242 2382 339 2425 οὕτω
370 2387 552 2433 ποιητέον
583 2385 694 2424 εἶναι.
749 2387 918 2431 Xenoph

241 2432 800 2477 Anab..,I320V....18a1

288 2494 318 2527 6
347 2489 424 2525 καὶ
449 2484 598 2532 αὐτοὶ]
620 2488 702 2523 Νοιι
728 2488 917 2532 exspecta-

241 2536 384 2577 bamus,
409 2535 452 2568 ut
475 2534 572 2569 servi
590 2533 765 2568 subsellia
782 2533 918 2567 lectos-

242 2591 314 2625 que
345 2562 622 2623 cdmponerent.
647 2599 690 2603 ——
715 2578 773 2612 Ad
804 2591 917 2612 κατα-

243 2624 477 2675 σκευάζομεν
494 2624 614 2667 liquet
628 2634 646 2658 e
665 2623 918 2678 superioribus

241 2669 363 2715 repeti
388 2669 560 2713 oportere
586 2666 800 2712 συνέδριον.

286 2730 319 2761 9.
352 2737 522 2775 αγοντε
554 2722 632 2759 τὸν
666 2721 917 2767 Πρόδικον]

242 2770 364 2806 Homo
395 2769 517 2805 mollis
549 2771 587 2805 et
621 2769 823 2813 delicatus,
857 2769 920 2813 qui

244 2815 291 2849 ad
316 2815 476 2850 multum
502 2814 600 2849 diem
619 2815 812 2856 cubuerat,
838 2815 919 2848 tan·

244 2860 328 2894 dem
355 2871 373 2894 e
398 2859 496 2895 lecto
522 2861 703 2895 excitatus
736 2859 920 2894 adduci-

990 2016 1009 2040 e
1027 2006 1154 2040 dolore
1172 2005 1385 2040 laboranti
1375 2017 1413 2040 ιιι
1429 2005 1569 2040 lectulo
1586 2016 1664 2040 me-

989 2050 1072 2091 lius,
1100 2062 1212 2095 quam
1237 2051 1275 2084 in
1300 2050 1367 2085 tali
1393 2061 1564 2085 consessu
1581 2061 1665 2094 pro-

990 2099 1159 2139 spectum
1173 2096 1314 2138 fuisset,
1332 2096 1370 2130 et
1383 2096 1555 2130 Socrates
1568 2106 1664 2129 sum-

988 2151 1071 2175 mae
1109 2142 1207 2175 esset
1241 2140 1524 2175 inhumanitatis
1563 2140 1665 2174 incu-

988 2186 1142 2228 sandus,
1179 2186 1209 2218 si
1241 2185 1438 2220 Prodicum
1470 2186 1665 2229 aegrotum

989 2240 1034 2264 ea
1065 2241 1141 2273 qua
1170 2229 1260 2264 fecit
1289 2230 1433 2264 ratione
1458 2230 1666 2272 tractasset,

990 2286 1019 2309 v.
1044 2285 1080 2318 p
1107 2278 1168 2310 341
1186 2285 1239 2317 sq.
1272 2279 1308 2309 et
1338 2274 1480 2329 proleg.
1507 2286 1544 2319 p.
1572 2278 1662 2318 7sq.

1034 2324 1085 2356 11.
1124 2319 1566 2369 συνεκαθεζόμεθα]
1605 2319 1664 2353 hic

989 2374 1115 2399 omnes
1131 2365 1280 2408 praeter
1293 2364 1481 2409 Hippiam,
1501 2375 1566 2407 qm
1583 2364 1664 2407 qui-

989 2409 1073 2443 dem
1104 2409 1141 2443 in
1175 2409 1267 2444 solio
1299 2410 1454 2451 mansit,
1491 2409 1527 2442 in
1559 2408 1666 2443 lectis

989 2455 1027 2488 et
1051 2454 1236 2488 subselliis
1262 2454 1526 2494 consederunt,
1558 2454 1597 2487 at
1627 2452 1664 2485 in

988 2498 1089 2533 sellis
1114 2499 1285 2533 sedentes
1303 2499 1348 2533 de
1366 2509 1405 2533 re
1422 2480 1573 2542 publica
1590 2507 1664 2531 ser-

987 2554 1115 2578 mones
1140 2544 1281 2578 habent
1312 2543 1376 2586 qui
1406 2543 1452 2577 ad
1476 2542 1665 2577 Polemar-

988 2589 1096 2623 chum
1122 2589 1181 2623 vel
1207 2589 1245 2622 in
1271 2588 1345 2632 Cep
1348 2588 1424 2622 hali
1450 2587 1601 2622 domum
1626 2587 1662 2620 in

986 2633 1120 2668 Piraeo
1139 2633 1248 2667 sitam
1275 2634 1532 2675 convenerant,
1559 2644 1591 2669 v.
1618 2631 1663 2666 de

988 2688 1065 2723 rep
1092 2678 1219 2713 3280·
1247 2679 1352 2722 καθῆ
1358 2689 1442 2715 στο,
1458 2660 1545 2714 ,ἐπί
1561 2689 1665 2716 τινος

988 2725 1304 2777 προσκεφαλαίου
1329 2735 1367 2757 τε
1395 2723 1460 2757 καὶ
1487 2723 1663 2774 δι’ρφρου

989 2765 1029 2803 ἐν
1063 2770 1109 2824 τῇ
1142 2765 1257 2821 αὐλῇ·
1275 2764 1562 2823 ἐκαθεζόμεθα
1594 2765 1664 2801 οὐν

989 2811 1081 2855 παρ’
1102 2809 1234 2850 αυτόν
1261 2811 1407 2847 ἔκειντο
1430 2826 1504 2856 γαρ
1530 2813 1663 2855 δίφροι

990 2857 1091 2899 τινὲς
1118 2853 1259 2894 αὐτόθι
1285 2855 1423 2901 κύκλῳ.
