1939 3214
208 649 273 683 343

303 137 383 177 142
924 135 1160 171 PLATONIS

301 236 417 291 ῥῆμα
462 235 589 287 ἄξιον
629 235 768 290 λόγου
806 235 952 290 βραχὺ
990 236 1064 278 καὶ
1103 237 1522 292 συνεστραμμένον,
1568 237 1719 292 ὥσπερ

300 304 445 353 δεινὸς
481 303 767 357 ἀκοντιστής,
808 301 923 345 ὥστε
953 306 1200 356 φαίνεσθαι
1229 302 1309 346 τὸν
1339 305 1716 361 προσδιαλεγόμε-
1728 314 1808 358 (flj'f'

299 386 382 412 νον
412 369 572 419 παιδὸς
600 369 740 425 μηδὲν
770 372 945 423 βελτίω.
998 372 1139 412 Τοῦτο
1172 365 1258 413 οὗν
1288 369 1396 412 αὐτὸ
1427 370 1501 412 καὶ
1521 375 1612 414 τῶν
1632 374 1720 415 νῦν

300 439 414 479 εἰσὶν
445 440 493 480 οἳ
519 437 877 491 κατανενοήκασι
908 436 981 478 καὶ
1003 440 1095 478 τῶν
1117 436 1268 491 πάλαι,
1301 436 1369 479 ὅτι
1389 435 1439 479 τὸ
1460 440 1721 491 λακωνίζειν

298 504 416 546 πολὺ
446 505 618 559 μᾶλλόν
650 505 744 546 ἐστι
767 507 1037 559 φιλοσοφεῖν
1065 502 1096 558 ἢ
1126 506 1522 560 φιλογυμναστεῖν,
1555 506 1722 556 εἰδότες

300 571 367 614 ὅτι
412 574 594 613 τοιαῦτα
638 565 736 613 οἷόν
781 571 821 612 τ’
868 568 983 613 εἶναι
1027 569 1199 625 ῥήματα
1238 573 1523 627 φθέγγεσθαι
1562 574 1722 623 τελέως

301 639 661 693 πεπαιδευμένου
694 638 817 680 ἐστιν
848 636 1113 692 ἀνθρώπου.
1174 641 1348 681 τούτων
1378 641 1436 694 ἠν
1466 639 1540 681 καὶ
1573 641 1723 694 Θαλῆς

298 705 321 748 6
352 707 596 762 Μιλήσιος,
637 707 711 748 καὶ
748 707 971 756 Πιττακὸς
1008 704 1031 747 6
1071 709 1401 762 Μυτιληναιος,
1440 707 1514 748 καὶ
1552 709 1662 757 Βίας
1699 704 1722 749 6

297 766 538 829 Πριηνεύς,
571 773 644 815 καὶ
667 774 828 815 Σόλων
850 770 872 816 ὁ
903 772 1130 828 ἡμέτερος,
1163 774 1237 815 καὶ
1258 774 1544 828 Κλεόβουλος
1567 772 1590 815 6
1610 775 1721 816 Λίν-

297 842 405 893 διος,
439 843 512 883 καὶ
545 841 719 883 Μύσων
751 838 773 882 6
793 840 979 895 Χηνεύς,
1011 842 1085 883 καὶ
1117 841 1305 896 ἕβδομος
1337 842 1386 884 ἐν
1416 841 1591 891 τούτοις
1624 842 1722 884 ἐλέ-

295 924 398 962 γετο
428 907 783 962 Λακεδαιμόνιος
813 910 980 950 Χίλων.
1043 902 1170 950 οὗτοι
1214 908 1378 957 πάντες
1422 909 1609 963 ζηλωταὶ
1648 907 1723 950 καὶ

297 976 480 1028 ἐρασταὶ
510 976 583 1017 καὶ
623 976 819 1030 μαθηταὶ
850 970 966 1029 ἦσαν
995 978 1072 1029 τῆς
1103 976 1474 1030 Λακεδαιμονίων
1505 976 1720 1027 παιδείας,

296 1044 370 1084 καὶ
402 1042 655 1097 καταμάθοι
687 1042 744 1083 ἄν
774 1058 838 1091 τις
859 1041 1008 1085 αὐτῶν
1033 1041 1116 1097 τὴν
1138 1044 1304 1097 σοφίαν
1325 1043 1539 1097 τοιαύτην
1561 1035 1721 1097 οὖσαν,

408 1170 439 1201 8.
476 1169 798 1210 μυτιληναῖος
825 1166 853 1199 Β
886 1166 966 1200 tum
1003 1165 1081 1209 hic,
1118 1166 1199 1200 tum
1237 1178 1271 1210 p.
1298 1169 1363 1201 34ss
1389 1165 1433 1199 B:
1470 1169 1723 1211 μιτυληναῖος

296 1212 454 1254 utroque
479 1211 560 1246 loco
589 1211 629 1247 Τ.

1044 1312 1123 1346 ciae
1156 1311 1369 1361 sapientum
1400 1311 1548 1355 scripsit
1585 1311 1722 1346 librum

1042 1357 1271 1438 §grhfffsm
1280 1356 1310 1435 11
1325 1356 1383 1435 Εέῑ
1398 1356 1524 1436 ῗὲἒηῗ
1534 1356 1722 1445 611ξέἶὲ

296 1312 417 1357 βραχὺ
436 1313 501 1347 καὶ
522 1310 854 1356 συνεστραμμένον
871 1312 972 1346 bre-

296 1369 345 1392 ve
377 1358 497 1391 illud
535 1359 674 1399 atque
711 1357 972 1391 contortum

295 1404 537 1437 verborum
609 1401 971 1437 sententiarum-

296 1458 379 1490 que
411 1458 598 1482 acumen
628 1448 781 1489 notans,
809 1447 909 1489 quod
934 1446 970 1479 in

294 1491 521 1527 Laconismis
534 1491 771 1526 admiramur.
797 1491 894 1525 Nam
910 1502 971 1525 συ-

295 1538 473 1580 στρέφειν
499 1537 600 1581 apud
620 1537 788 1572 rhetores
809 1536 970 1571 Graecos

295 1581 583 1616 rotunditati
647 1589 683 1616 et
745 1581 972 1615 brevitati

295 1627 514 1661 elocutionis
544 1626 664 1668 iisque
697 1626 899 1660 virtutibus
925 1625 971 1659 si-

294 1671 531 1723 gnificandis,
581 1681 678 1714 quae
727 1682 771 1704 ex
811 1671 971 1713 utraque

295 1717 474 1753 oriuntur
501 1716 683 1751 inservire
710 1716 821 1750 docta
846 1715 954 1760 dispu

294 1762 435 1796 tatione
477 1761 751 1795 demonstravit
790 1727 972 1794 Ernelsti

294 1806 971 1849 Lexic.techn010g.graee.

295 1853 463 1886 rhetor.
488 1863 524 1895 p.
551 1855 626 1885 335.
676 1850 836 1895 Egregie
860 1860 972 1895 porro

296 1898 414 1930 utitur
437 1897 576 1931 aoristo
599 1894 766 1941 ἐνέβαλε,
788 1896 830 1928 ut
849 1906 972 1946 prom·

295 1943 399 1986 ptam
423 1944 668 1986 paratamque
693 1941 971 1990 responsionem

295 1986 490 2031 significet,
519 1997 614 2029 quae
639 1985 757 2020 veluti
773 1985 891 2018 telum
910 1984 972 2018 ali-

295 2014 394 2074 quod
413 2042 431 2065 e
448 2031 605 2074 vestigio
631 2030 824 2064 emittitur.
850 2028 971 2070 Quon

294 2088 370 2110 iam
397 2076 494 2109 enim
519 2075 588 2109 hoc
614 2076 715 2118 temp
719 2086 761 2108 us
787 2074 971 2125 actionem

293 2121 414 2166 ipsam
447 2121 483 2154 et
514 2130 581 2164 per
612 2131 650 2154 se
682 2120 889 2163 spectatam
925 2118 970 2153 si-

294 2166 463 2209 gnificat,
494 2165 633 2199 factum
667 2167 741 2206 est,
775 2165 816 2198 ut
841 2174 970 2207 saepe-

294 2220 449 2244 numero
467 2210 669 2254 poneretur
695 2209 740 2243 de
767 2220 806 2243 re
833 2208 905 2242 cito
932 2209 970 2242 et

295 2256 411 2290 veluti
427 2265 501 2288 uno
520 2254 698 2298 temporis
724 2254 860 2298 puncto
886 2264 970 2297 per-

295 2302 389 2334 acta.
407 2312 440 2337 v
452 2299 499 2334 ad.
513 2299 700 2333 Phaedon.
710 2311 744 2342 p.
755 2298 851 2334 84])
880 2298 969 2333 Cum

293 2344 470 2389 proximis
514 2346 602 2388 apte
639 2344 798 2377 contulit
834 2343 970 2377 Hein-

295 2390 404 2424 dorf
430 2390 583 2424 Theaet
609 2400 645 2432 p.
673 2392 736 2423 177
762 2388 808 2422 B:
834 2385 869 2442 ἡ
904 2386 968 2432 ῥἠ-

295 2434 425 2479 τθρική
461 2432 618 2469 ἐκδινων
643 2446 795 2472 παντως
821 2446 968 2487 ΟίπΟμα··

294 2482 485 2523 ραίνεται,
527 2475 621 2513 ὥστε
658 2479 811 2512 παίδων
847 2475 969 2523 μηδὲν

294 2527 424 2559 δοκεῖν
451 2522 666 2578 διαφέρειν.
694 2523 820 2559 Stallb.

341 2574 370 2603 7.
406 2568 573 2604 τούτων
605 2567 675 2612 ἠν]
709 2567 753 2601 Η.
785 2578 815 2604 e.
849 2578 892 2601 ex
923 2567 969 2601 iis

296 2614 358 2656 qui
390 2615 544 2657 antiquo
575 2614 744 2657 tempore
782 2613 969 2646 Laconum

296 2659 528 2702 disciplinam
566 2659 666 2693 recte
706 2657 970 2691 intellexerunt

297 2706 334 2738 et
352 2704 469 2738 secuti
493 2706 588 2745 sunt,
616 2705 723 2737 erant
749 2704 891 2747 septem
915 2701 969 2735 illi

296 2749 494 2793 sapientes

343 2795 465 2837 Θαλῆ
479 2807 496 2833 ς
527 2789 545 2827 ὁ
573 2791 807 2836 Μιλήσιος
834 2792 887 2835 —]
914 2791 969 2825 De

297 2839 404 2873 dictis
420 2807 698 2872 illustrioribus²7
698 2838 840 2881 septem
856 2836 969 2871 Grae-

1043 1445 1090 1480 ad
1115 1446 1221 1490 Diog
1247 1445 1367 1481 Laert.
1397 1445 1413 1479 Ι
1438 1450 1492 1480 41.
1525 1446 1565 1479 In
1591 1456 1723 1480 nume·

1041 1502 1122 1524 rum
1156 1502 1284 1525 eorum
1320 1491 1481 1525 refertur
1512 1490 1624 1535 vulgo
1656 1490 1723 1525 Pe-

1041 1535 1191 1570 riander
1231 1535 1461 1577 Corinthius,
1503 1547 1566 1578 qul
1606 1546 1722 1579 quum

1042 1580 1239 1624 tyrannide
1288 1581 1470 1624 occupata
1518 1583 1566 1623 (v
1605 1580 1653 1615 ad
1684 1592 1720 1624 p

1043 1629 1107 1660 339
1123 1625 1164 1668 O)
1183 1624 1359 1669 sapientis
1376 1636 1525 1659 nomme
1543 1624 1729 1669 indignus,

1042 1670 1248 1712 videretur,
1289 1671 1367 1704 eius
1399 1670 1480 1704 loco
1514 1680 1535 1703 a
1564 1670 1721 1705 Platone

1042 1715 1101 1748 1110
1120 1716 1432 1750 commemoratur
1448 1715 1579 1758 Myson
1605 1711 1624 1749 6
1644 1718 1721 1768 Χη-

1043 1758 1144 1800 νεύς.
1172 1759 1298 1804 Diog.
1324 1760 1472 1794 Laert
1491 1759 1609 1794 1106:
1637 1762 1720 1794 Μυ-

1043 1815 1116 1839 σων
1146 1806 1378 1860 Στρυμόνος,
1407 1801 1455 1845 οἷς
1481 1816 1575 1849 φησι
1601 1807 1721 1839 Σωσι-

1043 1850 1184 1903 κράτης
1212 1848 1427 1905 Ἕρμιππον
1459 1849 1720 1904 παρατιθέμε-

1044 1908 1121 1937 νος,
1146 1895 1188 1930 τὸ
1209 1894 1323 1953 γένος
1348 1892 1516 1949 Χηνεύς
1550 1892 1626 1929 ἀπὸ
1651 1907 1720 1928 κω-

1043 1953 1114 1990 μης
1139 1939 1243 1979 τινὸς
1270 1939 1468 1993 Οἰταϊκῆς,
1497 1936 1517 1983 ἢ
1544 1943 1717 1974 Λακωνι-

1042 1998 1124 2028 κης,
1150 1983 1218 2019 σὺν
1244 1988 1323 2024 τοῖς
1350 1980 1442 2018 ἑπτα
1468 1986 1721 2039 καταριθμεῖ·

1043 2042 1114 2063 ται.
1142 2028 1223 2062 Ibid
1241 2032 1259 2069 ξ
1277 2031 1357 2063 108·
1383 2028 1573 2073 μέμνηται
1599 2027 1719 2062 αὐτοῦ

1040 2075 1105 2127 ηαὶ
1140 2071 1301 2107 Πλατων
1333 2086 1376 2108 εν
1406 2074 1456 2120 τῷ
1483 2071 1719 2128 Πρωταγόρα

1040 2116 1126 2153 αντὶ
1168 2118 1412 2161 Περιανδρου
1458 2120 1546 2158 θεὶς
1587 2117 1719 2153 αὐτόν.

1040 2164 1085 2198 cf.
1105 2163 1193 2207 Step
1196 2163 1282 2200 han
1299 2162 1353 2206 By
1357 2164 1452 2197 zant.
1470 2175 1497 2197 s.
1520 2175 1553 2198 v.
1570 2160 1719 2197 ”.Ητεια

1041 2207 1168 2242 Patria
1168 2175 1353 2242 phominis
1368 2208 1526 2250 incerta3
1551 2207 1646 2241 illud
1661 2210 1718 2241 ta-

1040 2264 1125 2287 men
1151 2254 1310 2297 apparet
1335 2264 1357 2287 a
1381 2253 1539 2287 Platone
1566 2252 1719 2295 quidem

1041 2309 1126 2332 eum
1151 2309 1225 2332 non
1244 2298 1415 2331 habitum
1434 2308 1512 2332 esse
1529 2296 1717 2331 Lacedae-

1040 2342 1221 2377 111011111111·
1262 2342 1426 2385 alioquin
1456 2352 1589 2387 parum
1621 2352 1719 2376 com-

1040 2387 1149 2422 mode
1175 2388 1401 2422 adderentur
1424 2387 1533 2421 haec:
1567 2387 1632 2421 καὶ
1660 2385 1717 2430 έβ-

1041 2435 1160 2485 δομος
1183 2430 1223 2467 ἐν
1250 2432 1397 2471 τούτοις
1422 2429 1572 2475 ἐλέγετο
1597 2435 1719 2466 Λακε-

1042 2479 1106 2512 δαι
1111 2476 1391 2522 μόνιοςΧίλων
1406 2475 1717 2511 CeterumHein-

1041 2523 1144 2556 dorf
1174 2523 1259 2556 ante
1289 2518 1596 2565 Λακεδαιμόνιος
1622 2521 1727 2555 desi--

1040 2567 1199 2601 derabat
1222 2564 1241 2601 ὁ
1267 2566 1475 2600 articulum.
1514 2566 1615 2600 Haec
1639 2565 1717 2599 fere

1039 2612 1168 2648 Stallb.

1086 2660 1137 2691 11.
1171 2655 1370 2705 ζηλωταὶ
1402 2656 1480 2689 καὶ
1519 2652 1714 2698 ἐρασταὶ

1040 2702 1096 2745 -]
1124 2701 1251 2735 πάντα
1277 2713 1415 2741 ταυτα,
1442 2700 1562 2742 inquit
1587 2699 1716 2734 Socra-

1038 2748 1095 2780 tes
1125 2746 1161 2780 in
1195 2744 1351 2778 Menone
1383 2746 1432 2788 (p.
1461 2748 1502 2779 75
1526 2743 1589 2798 Ε),
1622 2741 1715 2778 ταῦ

1039 2790 1106 2826 τόν
1136 2804 1172 2825 τι
1206 2788 1318 2833 λέγω·
1354 2791 1441 2828 ἴσως
1474 2787 1510 2823 δ’
1547 2801 1595 2823 αν
1620 2787 1714 2833 ἡμῖν

1042 2832 1232 2879 Πρόδικος
1258 2832 1499 2879 διαφέροιτο

1758 258 1860 273 firm-‘rx'

1744 858 1777 883 10

1820 313 1892 333 .1Η1,
