1907 3230
692 151 758 186 AD
783 150 1129 186 PROTAGORAM.
1551 156 1604 197 27

185 252 249 294 illi
288 253 420 294 totius
453 252 656 294 Graeciae
697 252 919 293 clarissimi
950 252 1002 293 ad
1034 252 1213 295 Calliam
1245 255 1494 295 convenisse
1525 255 1607 297 dici

181 312 369 376 possent.
431 308 675 350 Athenaeus
719 323 760 362 p.
807 307 888 349 218
928 322 977 349 ex
1016 307 1290 363 Hippocratis
1330 311 1489 351 verbis:
1543 309 1606 352 ἔτι

181 363 267 418 γὰρ
308 371 410 413 παῖς
447 360 492 418 ἦ,
525 363 595 405 ὅτε
625 362 674 405 τὸ
705 361 928 427 πρότερον
960 364 1212 418 ἐπεδήμησε
1243 366 1603 429 (Πρωταγόρας),

183 434 289 474 quae
320 421 443 462 initio
475 420 635 475 dialogi
665 420 824 474 scripta
853 420 1146 475 inveniuntur,
1179 435 1230 462 ex
1260 436 1312 462 ns
1342 422 1478 475 igitur
1508 436 1606 463 con-

180 475 315 518 cludit
353 477 635 532 Protagoram
681 476 867 517 secundo
914 476 1100 517 adventu
1135 453 1324 518 Athenis
1363 481 1604 520 morantem

179 532 296 574 hunc
329 533 378 574 de
410 533 567 574 virtute
599 546 836 573 sermonem
871 546 964 573 cum
987 532 1162 574 Socrate
1193 533 1404 575 habuisse.
1465 534 1604 583 Quare

179 603 309 643 quum
336 588 530 631 Socrates
562 589 689 630 tertio
721 588 806 629 iam
837 588 902 629 die
934 591 1156 642 postquam
1188 588 1260 630 ille
1290 590 1476 641 advenit,
1510 605 1604 631 cum

181 643 444 698 Hippocrate
476 659 570 686 eum
601 645 852 686 convenisse
884 644 1067 697 dicatur,
1109 645 1188 686 hoc
1219 646 1445 700 praecipue
1477 660 1603 700 quae-

178 701 356 741 rendum
378 701 556 755 putavit,
587 715 669 754 quo
691 715 804 741 anno
825 701 1018 754 sophista
1039 701 1192 742 iterum
1216 702 1407 743 Athenas
1430 703 1603 746 venerit.

178 756 314 805 Quam
345 771 434 798 rem
464 756 544 798 hoc
575 756 699 797 modo
731 757 883 810 effecit,
913 759 973 810 ut,
1005 757 1104 810 quia
1135 756 1393 812 Protagoras
1424 759 1475 798 ad
1508 758 1603 800 Cal-

181 813 281 854 liam
313 813 504 866 devertit,
536 816 715 854 mortem
748 812 992 866 Hipponici‚
1025 812 1185 854 Calliae
1216 814 1363 867 patris,
1396 814 1603 868 exquisiv-

176 869 267 909 erit.
326 869 468 923 Atque
507 868 800 923 Hipponicus‚
840 869 999 923 inquit,
1045 869 1129 909 dux
1168 872 1333 910 creatus
1372 872 1413 911 et
1454 873 1601 912 contra

178 924 451 979 Tanagraeos
486 939 571 966 una
609 939 703 966 cum
734 924 860 966 Nicia
894 925 1110 978 profectus
1142 928 1207 966 est
1235 925 1505 979 Euthydemo
1537 941 1600 967 ar-

180 980 336 1022 chonte
366 981 408 1023 h.
441 995 476 1023 e.
510 981 575 1022 Ol.
605 981 671 1032 88,
693 981 719 1022 3
752 981 853 1035 (426
885 995 920 1021 a.
955 980 1053 1023 Chr.
1085 980 1160 1035 n.),
1193 981 1264 1022 sed
1296 984 1485 1023 mortuus
1517 983 1603 1023 iam

179 1039 270 1078 erat
299 1051 410 1078 anno
441 1038 567 1078 tertio
599 1037 664 1079 Ol.
697 1037 770 1086 89,
804 1051 886 1091 quo
919 1037 1096 1091 Eupolis
1128 1037 1317 1078 fabulam
1348 1038 1602 1080 Adulatores

178 1094 336 1144 docuit,
369 1108 451 1148 qua
480 1094 526 1134 in
557 1093 700 1134 fabula
732 1093 888 1134 Callias
919 1092 1198 1135 hereditatem
1230 1094 1398 1146 adiisse,
1430 1108 1508 1136 nec
1538 1095 1600 1135 ita

174 1149 338 1204 pridem
378 1150 531 1191 adiisse
572 1149 744 1200 dicitur,
785 1152 833 1190 ut
863 1152 1042 1190 mortem
1073 1150 1207 1203 patris
1238 1150 1282 1191 in
1314 1151 1496 1204 primum
1528 1154 1602 1192 aut

174 1205 356 1246 alterum
394 1221 555 1247 annum
594 1205 658 1248 Ol.
692 1206 746 1247 89
784 1205 982 1246 incidisse
1019 1206 1301 1260 intelligatur.
1363 1206 1525 1247 Eadem
1557 1207 1602 1247 111

174 1261 319 1302 fabula
349 1261 403 1302 ab
426 1261 634 1315 Eupolide
656 1261 917 1315 Protagoras
950 1262 1077 1302 etiam
1100 1262 1329 1311 inducitur,
1362 1277 1487 1316 quem
1508 1265 1601 1303 tum

172 1317 359 1369 nondum
397 1318 468 1358 diu
501 1317 682 1358 Athenis
721 1320 934 1358 versatum
974 1331 1064 1358 esse
1096 1332 1145 1358 ex
1177 1332 1226 1359 eo
1259 1318 1451 1373 collegit,
1490 1319 1600 1373 quod

171 1374 215 1414 in
240 1373 392 1415 Conno
416 1374 632 1428 Amipsiae
664 1373 824 1414 duobus
857 1374 980 1414 annis
1011 1376 1107 1414 ante
1130 1376 1226 1415 acta
1246 1375 1291 1415 in
1313 1374 1599 1428 sophistarum

171 1443 350 1471 numero
381 1444 468 1471 non
498 1430 760 1484 producitur.
810 1428 947 1478 Quum
969 1430 1102 1484 igitur
1122 1430 1196 1471 illo
1218 1431 1422 1485 temporis
1445 1431 1594 1484 spatio,

173 1486 284 1540 quod
317 1487 430 1527 inter
460 1487 644 1540 primum
676 1488 718 1527 et
747 1487 921 1527 tertium
952 1500 1112 1526 annum
1143 1486 1208 1528 Ol.
1242 1487 1295 1528 89
1328 1487 1598 1528 interiectum

173 1545 251 1593 est⁷
284 1545 326 1583 et
354 1546 546 1584 mortuus
579 1543 633 1584 sit
663 1541 929 1596 Hipponicus
961 1548 1003 1583 et
1024 1541 1282 1597 Protagoras
1312 1542 1505 1584 Athenas
1536 1558 1598 1584 re-

170 1599 358 1651 verterit,
390 1613 562 1640 necesse
589 1601 668 1650 est,
699 1599 852 1653 inquit,
875 1599 920 1639 in
942 1613 1072 1639 unum
1095 1598 1279 1653 aliquem
1302 1613 1352 1640 ex
1374 1599 1440 1640 his
1461 1600 1597 1640 tribus

170 1655 296 1695 annis
316 1654 451 1708 Plato,
477 1655 512 1697 si
533 1656 695 1696 ratione
718 1655 856 1709 egisse
872 1654 1086 1708 putandus
1104 1658 1179 1706 est,
1200 1655 1319 1696 illum
1339 1659 1597 1697 conventum

170 1710 375 1760 retulerit,
411 1714 537 1765 atque
568 1726 698 1765 quum
729 1711 840 1751 adsit
870 1711 997 1752 etiam
1028 1712 1212 1752 sermoni
1244 1711 1424 1765 Hippias
1455 1711 1597 1765 Eleus,

174 1767 224 1808 de
256 1766 390 1808 altero
422 1781 534 1808 anno
557 1767 622 1809 Ol.
647 1768 700 1808 89
732 1781 826 1807 eum
848 1767 1058 1821 cogitasse
1080 1767 1353 1808 statuendum
1375 1770 1449 1818 est,
1482 1769 1595 1822 quod

171 1822 356 1886 Hippias
396 1823 479 1864 nisi
521 1837 596 1877 per
626 1823 813 1864 indutias
845 1837 1009 1863 annuas
1040 1822 1212 1864 lsarcho
1244 1823 1448 1864 archonte
1480 1838 1594 1865 anno

174 1881 313 1933 primo
346 1877 411 1920 Ol.
436 1879 490 1920 89
520 1880 654 1920 factas
676 1893 759 1920 non
784 1879 970 1933 potuerit
990 1881 1082 1920 tuto
1104 1879 1286 1920 Athenis
1308 1880 1472 1935 degere.
1513 1880 1594 1921 Illo

170 1936 310 1976 autem
342 1938 532 1989 tempore
563 1950 699 1991 neque
724 1935 901 1976 Paialus
924 1937 967 1975 et
987 1934 1275 1989 Xanthippus,
1307 1935 1483 1977 Periclis
1505 1936 1594 1988 filii,

171 1990 450 2046 Protagoram
467 1991 613 2033 audire
631 1993 874 2045 potuerunt,
897 1993 1046 2045 utpote
1066 1994 1164 2033 ante
1181 1994 1345 2045 patrem
1363 1993 1594 2047 mortum),

171 2061 308 2101 neque
331 2047 601 2089 Pherecratis
632 2047 778 2089 fabula
799 2048 1021 2102 AgresteS,
1055 2062 1161 2101 quae
1183 2048 1351 2089 demum
1373 2049 1591 2090 Aristione

168 2103 372 2144 archonte
411 2103 497 2157 (Ol.
530 2104 596 2158 90,
627 2105 673 2157 4)
713 2104 837 2145 docta
843 2083 950 2153 Dest,
990 2104 1035 2144 in
1067 2103 1300 2159 Protagora
1329 2106 1390 2159 (p.
1422 2105 1502 2146 327
1536 2105 1594 2159 D)

171 2160 496 2201 commemorari
527 2160 684 2214 debuit,
715 2160 826 2201 unde
849 2159 1096 2201 Athenaeus
1127 2160 1356 2201 manifesto
1388 2175 1594 2214 apparere

167 2215 270 2257 dicit
316 2215 480 2256 diversa
517 2216 739 2258 Platonem
785 2219 979 2270 tempora
1026 2216 1269 2258 confudisse
1307 2216 1594 2271 historiaeque

281 2352 338 2394 40)
366 2349 505 2384 Censeo
531 2349 636 2384 enim
668 2349 707 2382 in
740 2347 860 2383 verbis
884 2348 1069 2383 Athenaei
1099 2350 1151 2392 (p.
1178 2353 1243 2385 506
1268 2351 1312 2392 A)
1348 2347 1385 2384 οἵ
1422 2348 1476 2385 ἔτι
1502 2348 1593 2392 πρό-

167 2407 278 2438 τερον
311 2391 618 2450 τελευτήσαντες
641 2395 727 2428 ante
759 2391 964 2448 πρότερον,
975 2393 1207 2429 intercidisse
1237 2408 1307 2438 πρς
1331 2395 1354 2432 1
1381 2406 1411 2430 e.
1437 2393 1591 2447 πατρὸς,

169 2439 408 2474 Casaubonus
431 2449 505 2483 {pro
539 2437 576 2473 οἱ
600 2435 654 2475 ἔτι
682 2438 798 2473 voluit
830 2437 868 2473 οἷ
897 2438 913 2472 ε’
947 2434 1023 2474 ἔτει
1054 2439 1076 2472 i
1109 2450 1139 2473 e.
1169 2438 1206 2474 οἴ
1229 2440 1356 2485 πέμτῳ
1383 2436 1460 2475 ἔτει
1486 2438 1591 2483 πρότ.

168 2494 286 2528 eaque
303 2485 525 2525 coniectura
544 2495 657 2527 quam
676 2483 754 2527 ipse
774 2494 898 2518 veram
917 2484 1066 2518 omnino
1086 2486 1125 2518 et
1141 2486 1282 2518 certam
1293 2477 1592 2519 emendationem

167 2529 270 2571 dicit,
296 2529 406 2563 hodie
433 2529 545 2564 etiam
572 2540 638 2574 pro
664 2539 752 2562 vera
776 2528 949 2570 habetur,
974 2539 1201 2579 quamquam
1226 2529 1301 2563 iam
1327 2540 1421 2563 anno
1450 2533 1535 2564 1859
1553 2529 1591 2563 111

167 2574 481 2608 commentatione
513 2574 558 2608 de
588 2573 819 2623 temporibus
851 2584 974 2607 rerum
1004 2574 1041 2607 in
1066 2573 1232 2608 Platonis
1257 2573 1465 2617 Protagora
1497 2586 1533 2618 p.
1567 2578 1587 2609 9

169 2617 380 2653 casauboni
406 2629 567 2653 errorem
593 2618 755 2663 patefeci
781 2630 825 2653 ex
851 2618 970 2653 deseri
983 2618 1101 2653 3tione
1120 2619 1163 2653 Ol
1166 2618 1384 2663 ympiadum
1410 2629 1523 2661 quam
1547 2618 1586 2652 in

167 2663 433 2700 Animadvers
463 2664 511 2698 ad
536 2664 769 2698 Athenaeum
801 2663 848 2697 ad
881 2663 945 2697 lib.
972 2630 1080 2697 ¹Vca
1154 2669 1194 2698 15
1228 2663 1330 2703 (edit
1356 2663 1590 2708 Lugdunens.

169 2711 252 2742 1621
290 2719 325 2751 p
352 2712 432 2751 378)
465 2708 610 2743 adiecit.
661 2709 717 2742 Ibi
749 2708 899 2752 scripsit
929 2707 997 2743 sub
1025 2708 1079 2745 Ol.
1082 2676 1166 2749 Ι)89,
1195 2713 1232 2742 3.
1264 2708 1488 2753 Protagoras
1519 2708 1591 2742 fuit

167 2753 250 2786 tum
275 2753 452 2795 Athenis,
477 2763 592 2796 quum
617 2753 730 2797 paulo
757 2755 843 2787 ante
870 2763 912 2787 eo
937 2753 1101 2788 venisset
1125 2753 1344 2795 secundum,
1376 2756 1416 2788 et
1438 2753 1591 2788 Periclis

168 2796 329 2832 filiorum
353 2799 510 2832 mortem
535 2799 716 2833 transfert
739 2798 777 2832 in
803 2798 857 2832 Ol.
875 2801 931 2839 87,
949 2801 987 2837 2;
1012 2800 1140 2842 itaque
1166 2798 1248 2833 luce
1274 2797 1408 2833 clarius
1433 2800 1490 2833 est
1506 2809 1590 2833 eum

172 2843 292 2876 totam
317 2842 578 2887 Olympiadem
603 2846 647 2879 88
671 2843 708 2877 in
734 2824 1012 2887 eomputat'iozie
1038 2853 1218 2879 annorum
1244 2843 1420 2879 omisisse.
