1939 3214
387 152 467 194 lOO
969 149 1160 185 PLATON
1164 150 1204 185 IS

386 262 483 301 σαις
527 250 605 305 ἄν,
662 253 701 294 εἰ
744 251 945 305 ἐντύχοις
986 249 1237 308 Εὐρυβάτῳ
1281 252 1355 292 καὶ
1400 253 1675 310 Φρυνώνδᾳ,
1726 254 1802 296 καὶ

386 318 683 373 ἀνολοφύραι’
717 316 775 360 ἄν
801 321 958 361 ποθῶν
980 317 1061 384 τὴν
1082 322 1173 360 τῶν
1196 318 1362 360 ἐνθάδε
1385 317 1640 373 ἀνθρώπων
1661 335 1798 376 πονη-

332 386 360 420 Ε
387 388 500 441 ρίαν.
562 389 648 428 νῦν
680 386 728 428 δὲ
758 388 948 441 τρυφᾷς,
981 386 1014 426 (ὁ
1048 386 1302 440 Σώκρατες,
1334 386 1449 427 διότι
1479 387 1641 438 πάντες
1671 389 1801 430 διδά-

385 455 546 495 σκαλοί
581 454 693 495 εἰσιν
725 452 904 507 ἀρετῆς,
946 451 1051 494 καθ’
1085 451 1194 495 ὅσον
1225 454 1445 494 δύνανται
1479 452 1684 510 ἕκαστος,
1726 455 1801 497 καὶ

383 520 530 570 οὐδείς
560 531 631 562 σοι
653 522 872 574 φαίνεται.
919 518 1018 562 ἔσθ’
1052 518 1200 573 ὥσπερ
1232 520 1290 561 ὀὲν
1321 521 1360 562 εἰ
1389 523 1544 575 ζητοῖς,
1574 524 1639 571 τίς
1669 523 1800 564 &602-
1831 530 1848 556 5

294 604 358 637 328
384 591 547 636 σκαλος
575 591 656 629 τοῦ
689 587 954 641 ἑλληνίζειν;
995 585 1093 628 οὐδ’
1127 583 1183 628 ἂν
1216 581 1276 637 εἷς
1307 590 1484 642 φανείη,
1517 586 1626 630 οὐδέ
1650 587 1694 642 γ’
1727 588 1800 643 ἄν,

383 653 524 710 οἶμαι,
566 656 605 696 εἰ
640 657 801 709 ζητοῖς,
841 655 906 703 τίς
944 654 1003 695 ἀν
1041 653 1147 709 ἡμῖν
1179 654 1369 704 διδάξειε
1400 653 1506 704 τούς
1535 657 1625 697 τῶν
1655 671 1801 710 χειρο-

382 724 551 777 τεχνῶν
588 722 700 771 υἱεῖς
737 720 879 775 αὐτὴν
924 722 1092 776 ταύτην
1137 720 1219 776 τὴν
1262 723 1444 777 τέχνην,
1487 719 1543 777 ἢν
1587 721 1639 776 δή
1682 721 1803 775 παρὰ

382 793 462 833 τοῦ
494 788 659 844 πατρὸς
689 789 999 844 μεμαθήκασι,
1044 787 1150 831 καθ’
1185 787 1292 831 ὅσον
1323 789 1414 839 οἰός
1443 789 1479 831 τ’
1512 793 1570 856 ἠν
1603 788 1626 831 ὁ
1655 790 1801 844 πατὴρ

383 858 457 900 καὶ
495 874 537 900 οι
574 860 654 899 τοῦ
691 855 857 912 πατρὸς
894 859 1018 911 φίλοι
1058 855 1182 906 ὄντες
1219 855 1467 912 ὁμότεχνοι·
1505 858 1694 907 τούτους
1734 859 1798 900 ἐτι
1814 867 1846 892 10

382 929 448 976 τίς
487 925 543 967 ἄν
583 925 827 975 διδαξειεν3
869 923 922 966 οὐ
962 924 1122 980 ῥαδιον
1160 941 1283 978 οιμαι
1314 941 1444 979 ειναι,
1484 923 1517 966 ὦ
1549 924 1800 980 Σώκρατες,

307 1048 309 1050 q
384 992 558 1035 τούτων
580 991 856 1033 διδάσκαλον
878 994 1094 1046 φανῆναι,
1126 993 1216 1033 τῶν
1247 992 1296 1033 δὲ
1328 992 1527 1044 ἀπείρων
1548 991 1804 1033 παντάπασι

331 1074 360 1107 Β
385 1061 558 1117 ῥᾴδιον,
599 1057 715 1100 οὕτω
755 1058 802 1100 δὲ
842 1056 1000 1113 ἀρετῆς
1030 1059 1104 1100 καὶ
1134 1061 1224 1099 τῶν
1255 1056 1403 1100 ἄλλων
1433 1058 1629 1100 πάντων.
1690 1056 1803 1100 ἀλλὰ

383 1125 469 1170 κᾶν
509 1129 548 1169 εἰ
589 1125 742 1179 ὀλίγον
773 1127 866 1167 ἔστι
896 1142 960 1175 τις
991 1124 1109 1174 ὅστις
1140 1126 1343 1180 διαφέρει
1373 1124 1500 1180 ἡμῶν
1531 1127 1858 1180 προβιβάσαι
1888 1143 1931 1155 <¹

496 1255 526 1286 5.
553 1252 792 1301 φαίνεται.
822 1246 923 1284 εἶ”σθ
950 1245 1101 1293 ὥσπερ
1128 1249 1273 1293 scripsi:
1299 1260 1366 1298 pro
1387 1246 1470 1283 ε”σθ
1493 1248 1687 1284 exhibetB
1707 1245 1802 1290 εἷθ’,

385 1299 414 1332 Τ
436 1296 513 1332 ειθ.
563 1295 735 1338 Plerique
767 1305 887 1331 166611,
915 1294 1077 1329 editores
1109 1296 1291 1339 φαίνεται
1326 1299 1438 1328 εἰναι.
1472 1292 1593 1339 ω’σπερ
1618 1293 1663 1328 (16
1687 1294 1803 1329 Hein—

383 1342 489 1377 dorfii
514 1341 743 1383 coniectura,
771 1350 846 1382 qua
872 1339 1020 1383 quidem
1044 1340 1164 1375 lenior
1193 1339 1341 1374 medela
1373 1340 1438 1381 est,
1470 1350 1581 1382 quam
1612 1339 1801 1384 proposui

1130 1454 1296 1497 πονηρίᾳ
1323 1451 1620 1495 significabatur,
1648 1463 1682 1485 v.
1707 1450 1802 1486 Bek-

1129 1497 1196 1531 ker
1221 1496 1359 1531 Anecd.
1385 1495 1445 1530 Gr.
1470 1496 1487 1529 Ι
1512 1507 1549 1539 p
1576 1499 1630 1530 67.

1175 1556 1204 1590 5.
1233 1551 1332 1587 ἔσθ’
1360 1548 1645 1596 ὦσπερ“]Η.
1664 1562 1696 1586 6.
1723 1550 1801 1596 ἔχει

1130 1593 1248 1637 οὕτως
1266 1591 1406 1640 ὦσπερε
1422 1597 1579 1631 eadem
1597 1597 1666 1631 est
1681 1597 1803 1631 ratio

385 1467 565 1510 νηροις,
607 1452 671 1487 ubi
711 1451 841 1486 561101.3
891 1448 1060 1505 ἐπιεικὴς

389 1500 437 1545 ἡν
468 1499 533 1533 καὶ
567 1497 707 1542 ἔφευγε
739 1495 827 1536 τοὺς
858 1496 1060 1541 πονηρούς

386 1545 489 1579 1111115
514 1543 650 1578 similes
676 1543 783 1577 erant
806 1542 1060 1576 Pisthetaerus

388 1591 426 1640 et
448 1589 658 1632 Euelpides,
685 1598 776 1630 quos
794 1587 1060 1630 Aristophanes

388 1635 426 1669 in
456 1634 595 1668 Avibus
628 1634 746 1668 vitam
775 1632 898 1665 litium
930 1642 972 1666 ac
996 1643 1059 1666 ne—

388 1681 574 1723 gotiorum
592 1679 740 1723 plenam
756 1676 942 1721 fugientes
960 1677 1059 1714 facit

388 1725 502 1759 Recte
561 1723 675 1767 igitur
737 1721 1060 1755 Heindorfius:

390 1770 618 1812 „Quantum‚
643 1766 776 1810 inquit,
802 1766 951 1809 assequi
977 1776 1059 1800 con-

388 1815 532 1849 iectura
557 1824 708 1863 queam,
735 1822 815 1846 rem
838 1811 892 1845 ita
915 1811 1062 1845 institu-

388 1861 465 1894 tam
489 1859 600 1894 fuisse
625 1857 755 1902 opinor
779 1867 801 1890 a
824 1856 1057 1898 Pherecrate‚

390 1906 431 1939 ut
448 1905 601 1939 chorum
617 1902 785 1937 facerent
800 1902 969 1935 homines
985 1912 1059 1935 non

388 1961 474 1984 suae
515 1950 661 1984 tantum
700 1945 950 1990 reipublicae⁷
994 1946 1059 1980 sed

389 1995 555 2028 omnium
585 1993 734 2027 omnino
765 1991 955 2025 hominum
981 2000 1059 2024 oso-

388 2050 460 2082 res,
480 2040 543 2082 qui
561 2038 709 2073 civitate
723 2047 789 2070 sua
799 2035 931 2069 relicta
944 2046 1058 2079 quum

387 2085 486 2119 inter
521 2084 618 2118 feros
654 2082 908 2123 immanesque
938 2080 1057 2113 homi-

387 2140 452 2163 nes
470 2127 718 2168 secessissent,
736 2136 823 2159 mox
841 2125 1058 2169 resipiscen-

388 2175 446 2208 tes
472 2173 588 2215 illam,
613 2172 710 2206 unde
736 2171 917 2212 abierant,
945 2171 1058 2208 socie-

389 2219 506 2253 tatem
535 2217 726 2252 hominnm
758 2197 976 2258 civilemque
1007 2215 1059 2249 vi-

387 2264 467 2297 tam
484 2263 724 2306 requirerent,
758 2261 918 2302 Quorum
938 2270 1061 2294 exem-

389 2308 451 2352 plo
483 2309 706 2351 Protagoras
745 2306 936 2340 Socratem
973 2305 1061 2339 dicit

391 2353 615 2403 eiulaturum
655 2351 835 2385 desiderio
880 2349 941 2384 vel
978 2360 1061 2393 pra-

390 2398 624 2433 vissimorum
648 2396 801 2431 Athenis
832 2394 1034 2430 hominum
1038 2397 1058 2413 “

391 2463 432 2468 ——
463 2441 762 2493 Phrynonclas
793 2441 831 2474 et
861 2439 1061 2483 Euryba-

391 2490 462 2522 tus
503 2489 655 2532 propter
693 2496 876 2535 insignem
917 2495 1061 2518 morum

390 2533 619 2578 pravitatem
648 2530 845 2576 proverbio
883 2529 1061 2563 celebrati

392 2579 485 2612 sunt.
500 2589 534 2612 v.
560 2577 721 2611 Suidas
739 2576 776 2609 et
791 2575 994 2617 Harpoci
1004 2576 1059 2608 at.

391 2634 417 2659 5
443 2635 476 2658 v.
502 2622 671 2658 Aesohin
700 2632 750 2655 or.
776 2625 814 2661 3,
843 2623 904 2653 137
935 2619 1059 2663 ibique

392 2668 502 2702 schol.
556 2667 603 2701 Et
633 2647 815 2709 Eurybati
843 2665 982 2699 famam
990 2631 1060 2699 qad

392 2711 562 2746 ultimam
603 2721 759 2755 graecae
799 2709 950 2753 linguae
982 2720 1057 2744 me-

391 2757 546 2791 moriam
563 2758 747 2791 servatam
765 2765 852 2797 esse,
878 2766 897 2789 e
920 2754 1060 2789 recenti

392 2812 482 2836 voce
511 2799 842 2856 Τπερευρύβατος
881 2800 1059 2853 apparet,

392 2857 466 2889 qua
503 2843 521 2881 ὃ
558 2844 804 2891 ὖπερβαλλων
835 2841 1059 2889 Εὐρύβατον

1130 1654 1155 1721 s.
1180 1643 1372 1720 perindde
1400 1643 1467 1676 est
1489 1652 1547 1720 az}
1571 1641 1609 1675 si
1639 1651 1803 1686 graece

1130 1698 1304 1771 1333&
1334 1698 1479 1788 ,1.ῃέἓὲ
1486 1698 1522 1765 ¹13
1554 1696 1805 1785 ἓξᾝέρᾍῗὲῐ

1131 1777 1264 1811 Trach.
1300 1780 1366 1811 475
1415 1776 1516 1811 ἐστιν
1564 1774 1635 1820 γὰρ
1684 1789 1804 1816 ουτως

1131 1818 1254 1865 ὥσπερ
1281 1816 1394 1861 οὗτος
1420 1818 1584 1856 ἐννέπει.

1176 1882 1229 1913 10.
1249 1876 1446 1917 τούτους
1472 1876 1539 1912 ἔτι
1565 1879 1632 1918 τίς
1657 1874 1710 1912 ἂν
1735 1879 1802 1912 δι-

1131 1920 1215 1965 δοίξ
1197 1924 1309 1967 ξειε]
1343 1923 1444 1965 quis
1476 1932 1550 1956 eos
1581 1922 1724 1956 adhuc
1751 1922 1803 1965 (in

1130 1968 1209 2001 arte
1234 1967 1300 2001 illa
1317 1978 1393 2009 sua,
1413 1967 1459 2001 ad
1477 1977 1589 2010 quam
1604 1967 1678 2001 iam
1698 1967 1802 2001 insti-

1127 2012 1198 2046 tuti
1215 2012 1314 2055 sunt)
1340 2011 1505 2046 docere
1530 2011 1702 2056 possit?

1174 2072 1226 2103 13.
1272 2064 1390 2102 οὕτω
1427 2069 1476 2101 δὲ
1513 2062 1695 2124 ἀρετ-ῆς]
1734 2068 1801 2102 int.

1130 2111 1364 2148 διδάσκαλον
1390 2112 1564 2156 φανῆναι
1589 2110 1634 2146 οὐ
1661 2111 1800 2160 ῥὀἱδιόν

1130 2156 1220 2193 ἐστι.

1175 2210 1290 2249 ἀλλὰ
1309 2209 1393 2249 κᾶν
1414 2211 1801 2257 εἰόλίγον-156ᾶ

1131 2260 1167 2294 51
1191 2259 1291 2302 quis
1317 2260 1387 2293 est
1412 2258 1489 2300 qui
1513 2258 1585 2292 vel
1614 2258 1799 2302 paullu-

1130 2304 1220 2338 lum
1253 2304 1384 2339 nobis
1418 2304 1462 2337 in
1491 2312 1539 2337 eo
1572 2304 1799 2346 praestet,

1130 2351 1178 2384 ut
1214 2349 1329 2384 alios
1366 2348 1418 2382 ad
1447 2347 1668 2382 virtutem
1698 2358 1801 2391 pro-

1130 2395 1288 2429 vehat:
1315 2392 1520 2428 contenti
1545 2403 1641 2427 esse
1660 2392 1800 2430 debe-

1130 2447 1233 2475 mus.'
1280 2438 1334 2473 De
1360 2433 1433 2472 κᾶν
1459 2436 1503 2479 εἰ,
1529 2437 1567 2470 111
1592 2437 1725 2480 quibus
1751 2433 1799 2472 ἄν

1131 2485 1178 2519 ad
1214 2483 1527 2518 constructionem
1561 2482 1656 2516 nihil
1687 2482 1799 2524 valet,

1130 2526 1686 2571 vid.Sta11baumadPhaed.p.
1705 2526 1800 2560 7113.

1132 2573 1325 2608 Sententia
1340 2572 1556 2606 Archidami
1580 2582 1626 2615 ap
1630 2571 1679 2605 ud
1702 2571 1799 2605 Thu-

1131 2620 1209 2663 cyd.
1242 2618 1258 2651 I
1289 2621 1333 2652 84
1382 2617 1545 2667 prolata,
1598 2626 1692 2660 quae
1739 2616 1800 2650 hio

1128 2663 1403 2717 proponatur,
1422 2661 1535 2706 digna
1579 2662 1649 2695 est:
1701 2658 1799 2696 πολὺ

1130 2707 1344 2759 διαφέρειν
1365 2702 1408 2741 οὗ
1441 2708 1506 2741 δεῖ
1531 2706 1700 2760 νομίζειν
1731 2702 1798 2740 οἴν-

1127 2756 1285 2795 θρωπον
1325 2749 1550 2807 ἀνθρώπου,
1598 2749 1798 2806 κράτιστον

1129 2797 1172 2833 δε
1211 2802 1311 2832 εἰναι
1347 2793 1451 2836 ὅστις
1493 2794 1533 2831 ἐν
1568 2800 1648 2836 τοῖς
1680 2809 1799 2841 αναγ-

1128 2840 1345 2881 καιοτοέτοις
1369 2840 1608 2876 παιδευεται.
