1939 3214
343 154 395 195 14
874 149 1237 186 PROLEGOMENA

341 254 442 295 satis
482 253 668 306 captiose
708 252 834 293 rebus
874 251 934 292 ita
971 252 1228 306 comparatis
1265 250 1556 305 iustitiam,
1608 251 1764 305 quippe

340 324 446 365 quae
477 323 501 350 a
530 310 688 363 pietate
720 308 885 349 diversa
915 308 980 357 sit,
1011 307 1139 361 plane
1170 307 1280 348 nihil
1310 307 1535 360 pietatis
1567 320 1659 348 esse
1689 308 1764 348 ha-

340 367 538 418 bituram,
562 379 611 405 ac
632 365 820 405 vicissim
842 364 992 417 pietati
1007 363 1116 404 nihil
1130 363 1220 404 fore
1237 377 1457 404 commune
1474 376 1568 403 cum
1584 363 1761 404 iustitia.

344 422 511 464 Contra
553 435 602 462 ea
632 420 713 461 sibi
744 420 951 460 iustitiam
981 420 1096 473 piam
1127 422 1169 460 et
1199 421 1402 473 pietatem
1432 419 1585 459 iustam
1616 419 1763 469 videri,

341 482 392 519 ut
424 480 495 518 aut
525 477 689 518 nullum
720 479 793 517 aut
823 490 950 530 quam
980 475 1204 516 minimum
1236 475 1462 516 discrimen
1491 475 1605 516 inter
1634 475 1765 529 pieta-

340 537 428 575 tem
467 536 508 574 et
544 532 754 573 iustitiam
793 530 1043 573 intercedat.
1104 531 1350 586 Respondet
1393 531 1444 572 ad
1482 530 1587 571 haec
1619 530 1765 572 Prota-

341 604 483 645 goras,
527 589 733 630 iustitiam
772 590 814 628 et
852 588 1055 641 pietatem
1092 601 1178 628 non
1218 602 1294 642 per
1324 587 1467 628 omnia
1497 586 1578 627 sibi
1608 586 1765 627 similes

343 646 500 699 videri,
531 659 611 686 nec
641 649 785 685 tamen
817 645 945 685 etiam
976 657 1149 697 prorsus
1176 643 1415 685 dissimiles.
1478 642 1559 684 Sed
1580 641 1665 683 iam
1685 641 1767 684 hoc

343 702 435 743 1000
467 700 656 755 sophista
687 700 800 741 haud
823 700 1001 741 obscure
1023 700 1249 754 significat,
1283 699 1388 740 tales
1411 698 1692 753 quaestiones,
1723 699 1769 739 in

343 758 495 812 quibus
527 758 575 809 is,
609 756 680 810 qui
711 756 912 811 captiosis
933 756 1172 797 rationibus
1193 756 1297 797 velit
1319 769 1456 810 agere,
1490 768 1768 809 quaecunque

342 813 547 867 voluerit,
582 827 733 867 cogere
764 813 911 867 possit,
944 812 1132 853 minutas
1164 814 1290 866 atque
1321 811 1574 852 iniucundas
1606 824 1696 852 esse
1727 812 1770 851 et

345 870 510 912 Socrati
542 883 669 923 porro
700 869 956 923 respondere
988 870 1204 922 gravatur.

457 926 607 979 Itaque
629 925 838 976 Socrates,
871 925 999 965 missa
1021 924 1154 965 huius
1176 924 1237 965 rei
1259 923 1558 977 disputatione,
1591 924 1768 978 repente

347 983 399 1023 ad
430 983 513 1023 alia
542 981 826 1036 progreditur.
886 981 1033 1030 Estne,
1065 980 1218 1035 inquit,
1249 980 1326 1033 uni
1356 980 1417 1020 rei
1448 993 1614 1033 semper
1635 992 1767 1019 unum

347 1041 519 1079 tantum
551 1038 832 1088 contrarium,
872 1037 1002 1078 veluti
1034 1051 1164 1091 parvo
1195 1050 1418 1090 magnum,
1451 1035 1565 1076 bono
1596 1034 1770 1088 malum,

342 1095 458 1148 turpi
487 1094 713 1134 honestum
744 1092 1031 1147 opponimus?
1101 1093 1178 1133 Ait
1207 1092 1292 1133 ille.
1351 1091 1460 1140 Quid
1492 1090 1654 1145 igitur?
1687 1090 1770 1131 sin-

345 1151 469 1206 gulae
499 1151 697 1199 virtutes,
732 1164 834 1203 quas
868 1148 1248 1201 commemorabas,
1282 1161 1425 1189 nonne
1457 1149 1500 1188 et
1529 1147 1646 1201 ipsae
1676 1149 1770 1187 tan-

348 1206 568 1248 tummodo
599 1220 731 1248 unum
763 1205 963 1259 quiddam
994 1205 1213 1246 habebunt
1234 1204 1504 1256 contrarium,
1536 1202 1668 1244 veluti
1689 1217 1769 1244 sa-

344 1263 581 1317 pientiae
621 1262 816 1316 opposita
859 1262 940 1302 erit
978 1261 1193 1302 dementia
1233 1258 1543 1314 (ἄφροσύνη)ῗ
1588 1259 1769 1313 largitur

345 1319 383 1360 ei
406 1319 485 1360 hoc
508 1318 778 1373 Protagoras.
820 1317 927 1358 Tum
960 1332 1056 1359 vero
1078 1317 1150 1358 ille
1171 1319 1218 1358 ut
1240 1317 1557 1370 sapientiam
1579 1317 1621 1356 et
1640 1317 1771 1356 tem-

344 1375 646 1429 perantiam
686 1389 818 1414 unum
848 1374 1043 1428 idemque
1074 1387 1164 1414 esse
1194 1373 1368 1427 probet,
1413 1370 1770 1425 quemadmodum

346 1437 472 1472 antea
502 1430 767 1471 iustitiam
799 1432 841 1470 et
871 1431 1126 1484 pietatem
1157 1443 1246 1469 non
1276 1429 1386 1469 inter
1416 1442 1460 1468 se
1482 1427 1650 1468 differre
1674 1441 1770 1468 con-

345 1488 543 1540 cluserat,
575 1486 716 1541 longis
747 1486 997 1541 ambagibus
1020 1486 1259 1527 dementiae
1281 1485 1528 1538 oppositam
1551 1498 1642 1524 esse
1663 1485 1767 1524 tem-

346 1544 586 1597 perantiam
604 1543 952 1597 (σωφροσύνην)
976 1542 1172 1585 ostendit.
1220 1541 1311 1590 Quo
1333 1541 1448 1582 facto
1473 1540 1585 1594 quid,
1617 1540 1771 1594 inquit,

347 1599 549 1640 haeccine
581 1600 858 1640 adversantur
889 1599 962 1651 iis,
1002 1613 1107 1652 quae
1140 1599 1266 1638 antea
1297 1597 1347 1637 de
1379 1597 1571 1650 partibus
1603 1596 1773 1636 virtutis

347 1657 460 1697 inter
491 1669 534 1696 se
567 1655 743 1696 diversis
776 1658 818 1695 et
849 1655 1073 1696 contrariis
1106 1653 1279 1695 dixisti?
1311 1666 1412 1694 nam
1442 1651 1672 1693 secundum
1693 1652 1774 1692 ista

348 1712 584 1753 dementiae
624 1714 792 1765 praeter
822 1711 1076 1764 sapientiam
1109 1711 1236 1751 etiam
1266 1709 1549 1762 temperantia
1592 1710 1656 1749 est
1701 1722 1773 1762 op-

349 1769 504 1822 posita.
567 1766 703 1815 Quum
735 1769 877 1808 autem
907 1767 982 1807 uni
1003 1767 1064 1807 rei
1086 1780 1218 1807 unum
1239 1779 1405 1819 semper
1426 1765 1482 1806 sit
1503 1764 1773 1817 contrarium,

350 1825 507 1865 rectius
553 1824 699 1877 utique
742 1823 1063 1877 sapientiam
1110 1824 1151 1863 et
1199 1821 1611 1875 temperantiam
1661 1835 1686 1861 a
1730 1834 1774 1860 se

350 1881 533 1921 invicem
573 1880 684 1921 nihil
716 1880 884 1921 differre
916 1881 1161 1919 statuemus.
1223 1877 1452 1931 Postquam
1492 1876 1571 1917 hac
1609 1877 1774 1917 ratione

351 1937 549 1978 effectum
582 1939 644 1977 est
675 1950 696 1976 e
728 1938 909 1989 quatuor
938 1935 1023 1975 illis
1055 1934 1280 1975 virtutibus
1312 1934 1435 1973 binas
1466 1933 1578 1973 inter
1601 1946 1645 1972 se
1666 1931 1775 1972 nihil

350 1993 540 2045 differre,
589 1991 782 2033 Socrates
822 2006 871 2032 ex
911 1991 1041 2032 altero
1080 1990 1175 2044 pari
1216 1989 1502 2042 iustitiam,
1553 2002 1603 2029 ex
1642 1988 1774 2029 altero

350 2048 761 2102 temperantiam
794 2047 1014 2101 componit
1044 2046 1120 2087 has
1152 2046 1279 2087 etiam
1312 2059 1444 2086 unum
1466 2044 1660 2098 idemque
1683 2057 1773 2085 esse

352 2105 624 2159 probaturus,
657 2106 705 2144 ut
734 2104 899 2144 nullum
930 2103 1157 2144 discrimen
1191 2101 1458 2156 singularum
1479 2101 1685 2141 virtutum
1707 2114 1777 2141 ex-

352 2163 476 2215 cepta
512 2160 762 2201 fortitudine
801 2160 1077 2213 relinquatur.
1154 2158 1305 2212 Itaque
1341 2157 1577 2209 videamus,
1619 2157 1774 2210 inquit,

353 2231 460 2271 quae
492 2216 666 2257 tandem
696 2216 808 2257 inter
837 2215 1164 2269 temperantiam
1197 2217 1238 2255 et
1268 2213 1475 2254 iustitiam
1504 2212 1613 2253 ratio
1643 2212 1775 2253 inter-

353 2273 487 2316 cedat.
548 2272 750 2313 Potestne
780 2272 871 2313 fieri
903 2276 951 2312 ut
980 2272 1107 2312 homo
1137 2271 1210 2324 qui
1238 2270 1394 2311 iniuste
1423 2269 1512 2324 agit
1531 2271 1775 2322 temperans

353 2330 410 2370 sit
441 2343 489 2370 eo
521 2329 633 2382 quod
665 2329 821 2369 iniuste
852 2328 944 2382 agit
1014 2326 1263 2381 Respondet
1295 2326 1347 2366 ad
1377 2326 1483 2366 haec
1512 2324 1702 2378 sophista
1724 2338 1774 2365 ex

352 2400 427 2427 sua
457 2385 626 2439 quidem
656 2384 868 2425 sententia
898 2385 975 2425 hoc
1004 2384 1095 2425 fieri
1125 2397 1213 2435 non
1234 2396 1371 2437 posse,
1403 2381 1475 2422 sed
1503 2381 1632 2435 vulgo
1661 2384 1774 2421 certe

353 2443 414 2482 ita
444 2442 592 2482 videri.
651 2440 717 2482 Ex
756 2441 808 2481 iis
849 2454 956 2493 quae
988 2440 1241 2494 Protagoras
1272 2438 1352 2479 sibi
1382 2437 1548 2491 placere
1580 2437 1687 2478 dixit
1715 2437 1776 2477 fa-

355 2498 446 2548 cile,
479 2500 527 2539 ut
557 2499 705 2551 postea
736 2497 796 2550 fit,
830 2496 975 2550 colligi
995 2499 1137 2550 potest
1157 2494 1363 2536 iustitiam
1382 2496 1424 2534 et
1444 2492 1774 2547 temperantiam

356 2568 433 2608 pro
463 2568 550 2594 una
581 2553 809 2606 eademque
840 2553 994 2593 virtute
1025 2551 1240 2593 habendas
1271 2564 1381 2603 esse,
1415 2563 1547 2603 quare
1579 2548 1775 2590 Socrates

354 2610 473 2664 vulgi
515 2609 760 2663 opinionem
797 2609 982 2650 refutare
1021 2608 1228 2660 instituit,
1261 2607 1334 2647 sed
1364 2620 1498 2660 pauca
1529 2605 1653 2659 signa
1683 2605 1774 2645 viae

356 2680 439 2720 qua
471 2665 784 2720 argumentatio
814 2678 1063 2718 processura
1094 2665 1194 2713 erat,
1227 2662 1415 2703 indicata
1446 2663 1555 2702 sunt.
1618 2660 1663 2701 P.
1693 2660 1775 2701 332

356 2725 396 2762 A
437 2735 682 2763 concessum
713 2724 802 2762 erat
831 2721 1025 2762 homines
1057 2734 1184 2774 quum
1215 2721 1329 2760 recte
1361 2721 1402 2760 et
1432 2717 1595 2759 utiliter
1626 2719 1774 2770 agunt,

357 2780 649 2831 temperanter
693 2790 829 2832 agere.
901 2776 1051 2831 Itaque
1090 2777 1122 2816 si
1163 2775 1276 2828 quis,
1315 2775 1376 2815 ita
1415 2773 1606 2815 Socrates
1637 2773 1777 2826 potuit

357 2848 552 2889 pergere,
593 2833 749 2874 iniuste
786 2847 917 2888 agens
955 2834 1241 2887 temperanter
1277 2831 1369 2885 agit
1399 2830 1426 2871 i.
1459 2844 1492 2871 e.
1527 2829 1633 2870 bene
1666 2828 1776 2882 sapit
