1907 3230
572 174 907 211 PROTAGORAS.
934 174 974 208 P.
999 176 1064 208 346
1090 172 1156 207 ST.

1499 172 1579 214 153

159 278 338 331 πατρίδι
369 275 673 332 ἀδικηθέντες,
704 273 868 323 αὐτοὺς
899 272 1086 322 ἑαυτοὺς
1114 276 1484 326 παραμυθεῖσθαι
1505 272 1580 313 καὶ
1641 294 1644 295 ⁷

70 373 97 382 2—
122 357 137 379 ι’
159 344 502 386 διαλλάττεσθαι
548 341 997 395 προσαναγκάζοντας
1045 337 1232 388 ἑαυτούς
1281 341 1432 392 φιλεῖν
1476 339 1582 387 τοὺς

158 410 330 452 ἑαυτων
369 410 443 453 καὶ
475 409 689 452 ἐπαινεῖν.
751 408 967 457 πολλάκις
997 407 1060 460 δέ,
1093 403 1236 461 οἶμαι,
1270 405 1344 446 καὶ
1376 407 1581 458 Σιμωνί-

158 479 236 531 δης
286 475 483 531 ἡγησατο
540 473 614 518 καὶ
664 471 798 524 αὐτὸς
850 470 880 528 ἦ
930 472 1158 527 τύραννον
1209 469 1237 528 ἢ
1286 471 1426 514 ἄλλον
1482 470 1583 513 τινα

118 554 134 580 5
158 545 248 585 τῶν
278 543 494 585 τοιούτων
531 542 760 585 ἐπαινέσαι
796 542 871 583 καὶ
902 539 1177 596 ἐγκωμιάσαι
1206 538 1288 594 οὐχ
1315 537 1446 593 ἑκών,
1478 528 1579 580 ἀλλ

157 610 524 666 ἀναγκαζόμενος.
592 611 732 651 ταῦτα
778 608 832 663 δὴ
879 609 953 649 καὶ
996 610 1058 664 τῷ
1095 610 1304 663 Πιττακῷ
1351 606 1470 659 λέγει
1514 605 1582 647 ὅτι
1607 612 1633 648 C

155 676 281 732 Ἐγώ,
314 673 350 720 ὦ
381 677 590 730 Πιττακέ,
622 672 676 718 οὐ
706 674 781 718 διὰ
810 672 950 717 ταῦτα
980 686 1030 717 σε
1060 675 1196 728 ψέγω,
1229 673 1295 716 ὅτι
1327 674 1415 727 εἰμὶ
1446 671 1581 727 φιλό-

158 752 314 799 ψογος·
349 745 445 787 ἐπεὶ

361 831 501 887 ἔμοιγ’
535 831 715 886 ἐξαρκεῖ
741 831 789 881 ὃς
819 829 875 873 ἂν
904 829 963 886 μὴ
995 829 1133 880 κακὸς
1163 823 1190 886 ᾖ

110 918 142 944 10
214 920 222 927 ‘
326 920 329 923 ·
361 898 466 954 μηδ’
500 899 616 954 ἄγαν
647 897 935 953 ἀπάλαμνος,
1149 934 1158 937 ,.

293 986 295 988 ’
361 966 490 1017 εἰδώς
519 965 564 1021 γ’
598 966 867 1021 ὀνησίπολιν
899 965 1046 1019 δίκαν,
1080 963 1210 1019 ὑγιής
1240 962 1377 1018 ἀνήρ·

361 1033 416 1076 οὔ
446 1050 523 1089 μιν
556 1032 642 1087 ἐγώ
673 1032 938 1087 μωμήσομαι
971 1059 1020 1063 -

361 1099 414 1143 οὐ
443 1101 529 1155 γάρ
562 1101 649 1155 εἰμι
680 1098 938 1154 φιλόμωμος
970 1125 1023 1130 -

363 1170 453 1210 τῶν
482 1167 569 1222 γάρ
599 1166 793 1222 ἠλιθίων
825 1165 1027 1222 ἀπείρων
1057 1168 1269 1220 γενέθλα,

275 1317 326 1348 11.
362 1312 499 1353 εἰδώς
532 1309 570 1357 γ’
602 1309 890 1366 ὄνησιπολιν
917 1314 1060 1347 δίκαν
1092 1311 1137 1346 de
1162 1311 1356 1356 praeclara
1381 1310 1585 1345 Godofredi

158 1358 361 1393 Hermanni
387 1357 616 1392 coniectura·
651 1353 765 1397 εἰδώς
796 1369 838 1400 γε
871 1353 1003 1401 ὀνήσει
1027 1355 1139 1391 πόλιν
1166 1359 1280 1391 δίκαν
1306 1356 1384 1390 ΒΤ.
1458 1360 1507 1390 12.
1534 1351 1584 1390 οὔ

158 1416 237 1453 μιν
269 1400 352 1447 ἐγώ
383 1402 723 1455 Schleiermachero
756 1401 931 1445 debetur,
963 1413 1050 1436 nam
1081 1402 1118 1435 in
1151 1401 1180 1435 B
1207 1404 1244 1435 et
1267 1401 1296 1435 T
1328 1399 1373 1435 οὐ
1405 1414 1454 1444 μη
1433 1400 1480 1443 ὴν
1513 1398 1585 1444 ἐγώ

160 1448 341 1492 scriptum
375 1449 441 1482 est.
539 1450 590 1484 14.
616 1443 829 1501 ,απείρων
861 1457 907 1481 ex
938 1446 1043 1480 libris
1073 1446 1143 1480 scri
1173 1447 1220 1480 tis
1251 1456 1359 1490 recep
1362 1446 1393 1480 it
1424 1445 1583 1486 Bekker‚

159 1494 246 1528 ante
280 1503 364 1527 eum
397 1492 577 1527 edebatur
608 1488 762 1535 α’πειρα.
847 1491 1053 1546 γενέθλα
1087 1491 1127 1525 St
1131 1458 1359 1526 alilbaumzp
1353 1488 1377 1524 ἁ
1415 1471 1583 1535 γενέθλά

159 1537 328 1573 voluerat
353 1537 573 1582 Stephanus,
598 1537 635 1570 in
660 1535 690 1570 Β
716 1537 754 1570 et
777 1535 806 1569 Τ
833 1537 888 1570 est
913 1534 1094 1581 γένεθλα

906 1670 1031 1704 baum.
1045 1671 1092 1705 ad
1105 1670 1292 1704 Phaedon.

907 1726 941 1748 m
953 1725 1050 1749 ann.
1079 1715 1127 1749 ad
1152 1715 1277 1758 Viger.

214 1675 243 1708 1.
294 1668 491 1711 ἑαυτούς
539 1671 836 1714 παραμυθεῖ-

160 1718 288 1761 σθαι]
335 1716 378 1751 Η.
416 1727 446 1752 e.
484 1715 685 1750 affectus
733 1724 837 1748 suos

159 1762 321 1798 sedare
348 1772 395 1796 ac
421 1760 705 1803 tranquillos
737 1759 836 1794 red-

120 1808 279 1843 ‘--,.dere
305 1818 338 1842 v.
362 1806 552 1840 Phaedon.
579 1816 615 1849 p.
645 1804 745 1839 7OB.
785 1803 838 1837 Si-

159 1852 348 1888 monidem
381 1851 427 1885 de
458 1850 527 1884 hoc
560 1849 699 1888 officio,
737 1848 838 1892 quod

160 1897 332 1933 Socrates
358 1906 441 1929 eum
466 1894 699 1944 praecepisse
716 1893 835 1938 fingit,

1307 1681 1344 1714 p,
1359 1673 1401 1704 95
1415 1669 1455 1712 Β,
1474 1669 1507 1702 H
1519 1680 1585 1703 er-

1302 1725 1338 1758 p.
1366 1718 1430 1749 743
1457 1725 1491 1747 n.
1512 1717 1586 1749 158.

908 1759 945 1793 et
970 1759 1204 1795 Heindorf.
1231 1759 1278 1793 ad
1303 1760 1337 1796 h
1362 1759 1384 1792 l.
1438 1760 1502 1803 qui
1526 1769 1586 1793 re-

907 1807 965 1839 cte
1003 1804 1207 1839 arbitratur
1241 1804 1279 1837 in
1316 1803 1452 1838 talibus
1496 1803 1587 1838 locis

906 1859 981 1883 non
995 1850 1078 1884 δεῖν
1094 1849 1270 1884 omissum
1286 1859 1376 1891 esse,
1393 1848 1457 1883 sed
1471 1848 1587 1882 verba

908 1890 1111 1944 ἡγεισθαι,
1139 1895 1377 1937 λογίζεσθαι,
1402 1895 1586 1938 νομιᾝζειν

160 1945 202 1977 ut
220 1940 507 1976 domesticorum
528 1941 566 1973 et
582 1939 729 1984 patriae
747 1949 835 1972 suae

160 1986 318 2030 quisque
358 1984 510 2019 iniurias
550 1994 670 2027 aequo
712 1983 835 2017 animo

159 2032 268 2110 serait,
299 2030 515 2074 neutiquam
543 2028 764 2073 cogitavisse
795 2028 835 2062 li-

161 2087 233 2119 que

219 2142 250 2172 ‘2-
306 2147 588 2190 πρθσαναγκ.
639 2131 838 2175 ἕαυτθυς

201 2186 328 2217 ιλειν
361 2179 470 2220 τοὺς
504 2177 696 2224 ἑαυτῶν]
731 2178 838 2221 Quod

161 2197 332 2262 goerates
371 2225 409 2259 in
449 2224 593 2275 Gorgia
627 2227 677 2268 (p.
701 2228 768 2259 474
792 2224 838 2267 B)

161 2272 275 2307 docet
308 2270 480 2305 iniuriam
518 2269 687 2314 accipere
728 2279 840 2312 qnam

161 2317 282 2352 facere
329 2316 540 2359 praestare,
594 2314 632 2348 id
687 2313 839 2356 quidem

160 2362 277 2396 multo
303 2360 416 2395 latius
440 2361 563 2404 patet,
597 2358 662 2393 sed
694 2358 839 2393 facilius

162 2407 209 2442 ab
236 2405 360 2441 animo
380 2405 540 2439 humano
555 2387 628 2438 hoc
646 2403 840 2453 impetrari

162 2451 306 2496 potest,
336 2451 379 2484 ut
408 2449 581 2484 iniuriam
606 2449 665 2484 vel
691 2448 840 2483 omittat

162 2495 224 2531 vel
249 2495 453 2536 condonet,
480 2505 593 2537 quam
619 2496 662 2528 ut
684 2494 722 2527 in
747 2493 839 2527 iniu-

163 2541 281 2575 riosos
305 2539 487 2574 beneficia
504 2540 682 2574 conferat.
708 2538 839 2573 Talem

164 2585 281 2636 igitur
305 2583 499 2619 caritatem
520 2583 690 2618 Socrates
708 2594 753 2617 ne
771 2583 840 2617 hoc

162 2629 313 2674 quidem
343 2628 441 2671 loeo,
474 2629 538 2663 ubi
562 2628 678 2663 libere
705 2639 841 2673 evaga-

162 2676 234 2717 tur,
261 2674 362 2709 ultra
379 2685 491 2717 quam
509 2674 659 2718 pietatis
678 2673 840 2708 officium

162 2719 338 2764 pertinet,
366 2719 631 2764 praestandam
658 2718 810 2753 iudicat.

207 2784 240 2815 4.
268 2778 356 2825 ἡγη
333 2777 479 2824 ήσατο
504 2800 547 2805 -
573 2778 839 2825 ἐπαινέσαι]

163 2824 392 2860 iudicavit
423 2827 591 2870 (propter
616 2825 839 2865 mercedem)

164 2869 352 2905 laudare
371 2880 414 2904 se
434 2871 662 2914 oportere
690 2882 723 2908 v
733 2869 841 2904 Stall-

906 1939 952 1973 al.
980 1938 1186 1983 significare
1213 1949 1405 1982 aequum
1432 1949 1457 1973 s.
1477 1948 1586 1982 opus

905 1983 1125 2018 iudicare.

907 2059 964 2124 1αέ
975 2044 1088 2125 ὕαῗιῗὲ
1097 2044 1453 2133 zssgssxffiffimvniiffi
1459 2044 1587 2123 ’ὲῖἐὲ

907 2135 1013 2170 111(1οε
1038 2138 1085 2176 (v
1097 2135 1267 2178 Xenoph.
1284 2134 1385 2171 Hier.
1402 2134 1498 2178 init.)
1523 2135 1588 2168 aut

909 2180 1091 2235 Scopam
1095 2183 1143 2223 (v.
1162 2181 1300 2224 supra).
1341 2179 1382 2214 In
1407 2179 1474 2213 hos
1499 2189 1587 2224 poe-

908 2227 970 2281 tae
998 2221 1163 2268 ἐγκώμια
1189 2224 1444 2267 significantur
1470 2225 1586 2258 verbo

910 2267 1156 2313 ἐγκωμιάσαι
1182 2269 1375 2304 Heindorf

955 2335 1009 2365 11.
1054 2330 1188 2371 εἰδώς
1227 2327 1279 2384 γ’
1308 2326 1357 2365 όν
1400 2332 1586 2365 σίπολιν

911 2377 1067 2418 δίκαν,
1093 2373 1228 2420 ὑγιὴς
1254 2371 1371 2420 ανήρ
1417 2385 1586 2419 gnarus

909 2421 1125 2455 iustitiae
1173 2420 1349 2454 urbium
1391 2420 1587 2454 adiutri-

910 2465 989 2508 cis,
1037 2465 1253 2509 integer
1264 2466 1343 2498 vir.
1385 2485 1425 2489 —
1464 2461 1587 2498 Ἀποέ-

910 2514 1080 2565 λαμνος
1115 2513 1170 2545 est
1207 2509 1439 2553 Hesychio
1475 2509 1588 2542 inter—

909 2557 1016 2600 prete
1056 2552 1271 2606 ἀμήχανος,
1312 2565 1444 2598 inops
1485 2563 1588 2588 con-

910 2600 1028 2654 silii,
1043 2600 1268 2657 ignavus,
1294 2597 1588 2634 inere—voh

911 2643 995 2695 γὰρ
1018 2627 1093 2690 ἠλ.
1128 2658 1197 2679 απ.
1230 2643 1455 2694 γενέθλα,
1489 2643 1525 2677 h.
1555 2653 1587 2679 e.

912 2701 1151 2724 mnumera
1184 2700 1301 2745 en211n
1335 2670 1587 2723 stult'orum

910 2734 1048 2769 natio.
1073 2734 1201 2770 Stallb.
1230 2732 1398 2789 ἀπείρων
1421 2743 1496 2767 11011
1520 2743 1588 2777 per

912 2779 1112 2830 enallagen
1142 2779 1189 2814 ad
1220 2777 1388 2823 ἠλιθίων
1413 2779 1587 2820 refertur,

912 2823 978 2859 sed
1014 2805 1264 2859 nominativis
1296 2825 1355 2858 est
1384 2825 1423 2858 et
1453 2831 1587 2857 conne-

913 2869 1087 2904 ctendum
1112 2881 1195 2904 cum
1220 2869 1399 2914 γενέθλα.
