<?xml version="1.0" encoding="UTF-8"?>
<!DOCTYPE html PUBLIC "-//W3C//DTD XHTML 1.0 Transitional//EN"
    "http://www.w3.org/TR/xhtml1/DTD/xhtml1-transitional.dtd">
<html xmlns="http://www.w3.org/1999/xhtml" xml:lang="en" lang="en">
 <head>
  <title>
</title>
<meta http-equiv="Content-Type" content="text/html;charset=utf-8" />
  <meta name='ocr-system' content='tesseract 3.04.00' />
  <meta name='ocr-capabilities' content='ocr_page ocr_carea ocr_par ocr_line ocrx_word'/>
</head>
<body>
  <div class='ocr_page' id='page_1' title='image "./protagorascumpro00platuoft/protagorascumpro00platuoft_0040.png"; bbox 0 0 1939 3214; ppageno 0'>
   <div class='ocr_carea' id='block_1_1' title="bbox 345 130 1252 173">
    <p class='ocr_par' dir='ltr' id='par_1_1' title="bbox 345 130 1252 173">
     <span class='ocr_line' id='line_1_1' title="bbox 345 130 1252 173; baseline -0.002 -8"><span class='ocrx_word' id='word_1_1' title='bbox 345 132 400 173; x_wconf 79' lang='lat'>28</span> <span class='ocrx_word' id='word_1_2' title='bbox 884 130 1216 165; x_wconf 83' lang='lat' dir='ltr'>PROLEGOMEN</span> <span class='ocrx_word' id='word_1_3' title='bbox 1220 130 1252 163; x_wconf 93' lang='lat' dir='ltr'>A</span> 
     </span>
    </p>
   </div>
   <div class='ocr_carea' id='block_1_2' title="bbox 330 230 1790 2590">
    <p class='ocr_par' dir='ltr' id='par_1_2' title="bbox 330 230 1790 2590">
     <span class='ocr_line' id='line_1_2' title="bbox 346 230 1765 286; baseline 0.001 -14"><span class='ocrx_word' id='word_1_4' title='bbox 346 231 472 273; x_wconf 92' lang='lat' dir='ltr'>fidem</span> <span class='ocrx_word' id='word_1_5' title='bbox 494 231 681 273; x_wconf 81' lang='lat' dir='ltr'>laesisse.</span> <span class='ocrx_word' id='word_1_6' title='bbox 735 231 816 273; x_wconf 81' lang='lat' dir='ltr'>Sed</span> <span class='ocrx_word' id='word_1_7' title='bbox 837 233 1004 286; x_wconf 87' lang='lat' dir='ltr'>praeter</span> <span class='ocrx_word' id='word_1_8' title='bbox 1025 246 1085 285; x_wconf 87' lang='lat' dir='ltr'>ea,</span> <span class='ocrx_word' id='word_1_9' title='bbox 1109 245 1214 286; x_wconf 87' lang='lat' dir='ltr'>quae</span> <span class='ocrx_word' id='word_1_10' title='bbox 1235 230 1480 272; x_wconf 78' lang='lat' dir='ltr'>Athenaeus</span> <span class='ocrx_word' id='word_1_11' title='bbox 1502 233 1765 285; x_wconf 82' lang='lat' dir='ltr'>memoravit,</span> 
     </span>
     <span class='ocr_line' id='line_1_3' title="bbox 348 265 1767 343; baseline 0.001 -14"><span class='ocrx_word' id='word_1_12' title='bbox 348 288 433 329; x_wconf 89' lang='lat' dir='ltr'>alia</span> <span class='ocrx_word' id='word_1_13' title='bbox 463 289 591 329; x_wconf 90' lang='lat' dir='ltr'>etiam</span> <span class='ocrx_word' id='word_1_14' title='bbox 622 288 667 328; x_wconf 91' lang='lat' dir='ltr'>in</span> <span class='ocrx_word' id='word_1_15' title='bbox 698 287 780 329; x_wconf 85' lang='lat' dir='ltr'>hoc</span> <span class='ocrx_word' id='word_1_16' title='bbox 811 287 979 343; x_wconf 82' lang='lat' dir='ltr'>dialogo</span> <span class='ocrx_word' id='word_1_17' title='bbox 1008 287 1239 341; x_wconf 85' lang='lat' dir='ltr'>habentur,</span> <span class='ocrx_word' id='word_1_18' title='bbox 1280 300 1386 341; x_wconf 89' lang='lat' dir='ltr'>quae</span> <span class='ocrx_word' id='word_1_19' title='bbox 1416 288 1499 328; x_wconf 88' lang='lat' dir='ltr'>nisi</span> <span class='ocrx_word' id='word_1_20' title='bbox 1528 265 1767 342; x_wconf 78' lang='lat' dir='ltr'>temporuni</span> 
     </span>
     <span class='ocr_line' id='line_1_4' title="bbox 330 342 1768 399; baseline 0 -13"><span class='ocrx_word' id='word_1_21' title='bbox 330 342 513 386; x_wconf 84' lang='lat' dir='ltr'>&#39;ratione</span> <span class='ocrx_word' id='word_1_22' title='bbox 544 344 741 399; x_wconf 89' lang='lat' dir='ltr'>neglecta</span> <span class='ocrx_word' id='word_1_23' title='bbox 772 344 822 385; x_wconf 88' lang='lat' dir='ltr'>ad</span> <span class='ocrx_word' id='word_1_24' title='bbox 854 344 1084 385; x_wconf 86' lang='lat' dir='ltr'>secundum</span> <span class='ocrx_word' id='word_1_25' title='bbox 1115 358 1274 385; x_wconf 90' lang='lat' dir='ltr'>annum</span> <span class='ocrx_word' id='word_1_26' title='bbox 1307 342 1371 384; x_wconf 92' lang='lat' dir='ltr'>Ol</span> <span class='ocrx_word' id='word_1_27' title='bbox 1397 342 1451 383; x_wconf 86' lang='lat'>89</span> <span class='ocrx_word' id='word_1_28' title='bbox 1482 343 1582 397; x_wconf 83' lang='grc'>(423</span> <span class='ocrx_word' id='word_1_29' title='bbox 1611 359 1646 386; x_wconf 87' lang='lat' dir='ltr'>a.</span> <span class='ocrx_word' id='word_1_30' title='bbox 1670 344 1768 389; x_wconf 87' lang='lat' dir='ltr'>Chr.</span> 
     </span>
     <span class='ocr_line' id='line_1_5' title="bbox 346 398 1769 455; baseline 0 -13"><span class='ocrx_word' id='word_1_31' title='bbox 346 402 411 455; x_wconf 89' lang='lat' dir='ltr'>n.)</span> <span class='ocrx_word' id='word_1_32' title='bbox 451 400 603 442; x_wconf 83' lang='lat' dir='ltr'>referri</span> <span class='ocrx_word' id='word_1_33' title='bbox 632 403 858 454; x_wconf 75' lang='lat' dir='ltr'>nequeant.</span> <span class='ocrx_word' id='word_1_34' title='bbox 918 399 1019 442; x_wconf 90' lang='lat' dir='ltr'>Non</span> <span class='ocrx_word' id='word_1_35' title='bbox 1050 400 1163 441; x_wconf 90' lang='lat' dir='ltr'>enim</span> <span class='ocrx_word' id='word_1_36' title='bbox 1194 398 1367 454; x_wconf 88' lang='lat' dir='ltr'>Agatho</span> <span class='ocrx_word' id='word_1_37' title='bbox 1399 402 1543 452; x_wconf 87' lang='lat' dir='ltr'>poeta,</span> <span class='ocrx_word' id='word_1_38' title='bbox 1582 401 1654 454; x_wconf 91' lang='lat' dir='ltr'>qui</span> <span class='ocrx_word' id='word_1_39' title='bbox 1684 401 1769 442; x_wconf 89' lang='lat' dir='ltr'>iam</span> 
     </span>
     <span class='ocr_line' id='line_1_6' title="bbox 346 455 1768 511; baseline 0 -14"><span class='ocrx_word' id='word_1_40' title='bbox 346 458 541 511; x_wconf 85' lang='lat' dir='ltr'>proxima</span> <span class='ocrx_word' id='word_1_41' title='bbox 572 456 822 510; x_wconf 85' lang='lat' dir='ltr'>Olympiade</span> <span class='ocrx_word' id='word_1_42' title='bbox 856 455 941 510; x_wconf 82' lang='lat'>(90,</span> <span class='ocrx_word' id='word_1_43' title='bbox 972 457 1030 509; x_wconf 84' lang='lat'>4),</span> <span class='ocrx_word' id='word_1_44' title='bbox 1069 458 1116 496; x_wconf 93' lang='lat' dir='ltr'>ut</span> <span class='ocrx_word' id='word_1_45' title='bbox 1146 455 1388 497; x_wconf 89' lang='lat' dir='ltr'>Athenaeus</span> <span class='ocrx_word' id='word_1_46' title='bbox 1425 469 1466 509; x_wconf 91' lang='lat' dir='ltr'>p</span> <span class='ocrx_word' id='word_1_47' title='bbox 1500 455 1581 497; x_wconf 82' lang='lat'>217</span> <span class='ocrx_word' id='word_1_48' title='bbox 1613 458 1651 497; x_wconf 96' lang='lat' dir='ltr'>A</span> <span class='ocrx_word' id='word_1_49' title='bbox 1683 471 1768 497; x_wconf 90' lang='lat' dir='ltr'>me-</span> 
     </span>
     <span class='ocr_line' id='line_1_7' title="bbox 346 511 1765 579; baseline 0 -25"><span class='ocrx_word' id='word_1_50' title='bbox 346 513 507 554; x_wconf 90' lang='lat' dir='ltr'>moriae</span> <span class='ocrx_word' id='word_1_51' title='bbox 537 512 745 566; x_wconf 73' lang='lat' dir='ltr'>prodidit,</span> <span class='ocrx_word' id='word_1_52' title='bbox 785 513 830 552; x_wconf 92' lang='lat' dir='ltr'>in</span> <span class='ocrx_word' id='word_1_53' title='bbox 869 512 1100 579; x_wconf 76' lang='lat' dir='ltr'>certamine</span> <span class='ocrx_word' id='word_1_54' title='bbox 1130 512 1292 567; x_wconf 86' lang='lat' dir='ltr'>tragico</span> <span class='ocrx_word' id='word_1_55' title='bbox 1322 511 1545 552; x_wconf 88' lang='lat' dir='ltr'>victoriam</span> <span class='ocrx_word' id='word_1_56' title='bbox 1576 515 1765 566; x_wconf 87' lang='lat' dir='ltr'>reporta-</span> 
     </span>
     <span class='ocr_line' id='line_1_8' title="bbox 346 566 1768 631; baseline -0.001 -21"><span class='ocrx_word' id='word_1_57' title='bbox 346 570 424 617; x_wconf 85' lang='lat' dir='ltr'>vit,</span> <span class='ocrx_word' id='word_1_58' title='bbox 459 583 508 610; x_wconf 90' lang='lat' dir='ltr'>eo</span> <span class='ocrx_word' id='word_1_59' title='bbox 540 582 652 609; x_wconf 90' lang='lat' dir='ltr'>anno</span> <span class='ocrx_word' id='word_1_60' title='bbox 675 567 779 610; x_wconf 81' lang='grc' dir='ltr'>νεόν</span> <span class='ocrx_word' id='word_1_61' title='bbox 802 569 864 609; x_wconf 81' lang='grc' dir='ltr'>ἔτι</span> <span class='ocrx_word' id='word_1_62' title='bbox 885 566 1120 622; x_wconf 74' lang='grc' dir='ltr'><em>μειράκιον</em></span> <span class='ocrx_word' id='word_1_63' title='bbox 1140 568 1236 631; x_wconf 76' lang='lat' dir='ltr'>fuit,</span> <span class='ocrx_word' id='word_1_64' title='bbox 1268 581 1349 622; x_wconf 89' lang='lat' dir='ltr'>quo</span> <span class='ocrx_word' id='word_1_65' title='bbox 1370 568 1543 608; x_wconf 90' lang='lat' dir='ltr'>nomine</span> <span class='ocrx_word' id='word_1_66' title='bbox 1562 581 1603 621; x_wconf 92' lang='lat' dir='ltr'>p.</span> <span class='ocrx_word' id='word_1_67' title='bbox 1626 568 1709 609; x_wconf 91' lang='lat'>315</span> <span class='ocrx_word' id='word_1_68' title='bbox 1731 568 1768 609; x_wconf 95' lang='lat' dir='ltr'>D</span> 
     </span>
     <span class='ocr_line' id='line_1_9' title="bbox 347 602 1763 679; baseline -0.001 -13"><span class='ocrx_word' id='word_1_69' title='bbox 347 640 372 667; x_wconf 88' lang='lat' dir='ltr'>a</span> <span class='ocrx_word' id='word_1_70' title='bbox 403 602 577 666; x_wconf 79' lang='lat' dir='ltr'>S&#39;ocrate</span> <span class='ocrx_word' id='word_1_71' title='bbox 615 624 866 679; x_wconf 88' lang='lat' dir='ltr'>appellatur.</span> <span class='ocrx_word' id='word_1_72' title='bbox 928 624 1079 678; x_wconf 86' lang='lat' dir='ltr'>Neque</span> <span class='ocrx_word' id='word_1_73' title='bbox 1117 625 1253 679; x_wconf 89' lang='lat' dir='ltr'>magis</span> <span class='ocrx_word' id='word_1_74' title='bbox 1292 637 1387 665; x_wconf 88' lang='lat' dir='ltr'>cum</span> <span class='ocrx_word' id='word_1_75' title='bbox 1417 623 1490 664; x_wconf 91' lang='grc'>1110</span> <span class='ocrx_word' id='word_1_76' title='bbox 1522 637 1635 664; x_wconf 90' lang='lat' dir='ltr'>anno</span> <span class='ocrx_word' id='word_1_77' title='bbox 1668 638 1763 665; x_wconf 85' lang='lat' dir='ltr'>con-</span> 
     </span>
     <span class='ocr_line' id='line_1_10' title="bbox 349 679 1769 735; baseline 0 -14"><span class='ocrx_word' id='word_1_78' title='bbox 349 681 510 734; x_wconf 85' lang='lat' dir='ltr'>cinunt,</span> <span class='ocrx_word' id='word_1_79' title='bbox 542 695 648 735; x_wconf 90' lang='lat' dir='ltr'>quae</span> <span class='ocrx_word' id='word_1_80' title='bbox 679 696 718 734; x_wconf 88' lang='lat' dir='ltr'>p.</span> <span class='ocrx_word' id='word_1_81' title='bbox 751 681 831 722; x_wconf 82' lang='grc'>311</span> <span class='ocrx_word' id='word_1_82' title='bbox 866 679 898 722; x_wconf 83' lang='lat' dir='ltr'>G</span> <span class='ocrx_word' id='word_1_83' title='bbox 930 680 980 721; x_wconf 87' lang='lat' dir='ltr'>de</span> <span class='ocrx_word' id='word_1_84' title='bbox 1011 680 1162 721; x_wconf 87' lang='lat' dir='ltr'>Phidia</span> <span class='ocrx_word' id='word_1_85' title='bbox 1194 680 1445 721; x_wconf 75' lang='lat' dir='ltr'>Atheniensi</span> <span class='ocrx_word' id='word_1_86' title='bbox 1480 682 1523 721; x_wconf 91' lang='lat' dir='ltr'>et</span> <span class='ocrx_word' id='word_1_87' title='bbox 1551 694 1592 733; x_wconf 89' lang='lat' dir='ltr'>p.</span> <span class='ocrx_word' id='word_1_88' title='bbox 1625 680 1708 722; x_wconf 88' lang='lat'>335</span> <span class='ocrx_word' id='word_1_89' title='bbox 1732 679 1769 721; x_wconf 85' lang='lat' dir='ltr'>E</span> 
     </span>
     <span class='ocr_line' id='line_1_11' title="bbox 347 736 1769 789; baseline -0.001 -12"><span class='ocrx_word' id='word_1_90' title='bbox 347 738 399 777; x_wconf 91' lang='lat' dir='ltr'>de</span> <span class='ocrx_word' id='word_1_91' title='bbox 430 736 608 779; x_wconf 83' lang='lat' dir='ltr'>Crisone</span> <span class='ocrx_word' id='word_1_92' title='bbox 637 736 864 778; x_wconf 90' lang='lat' dir='ltr'>Himeraeo</span> <span class='ocrx_word' id='word_1_93' title='bbox 896 739 1198 778; x_wconf 65' lang='lat' dir='ltr'>memorantur.</span> <span class='ocrx_word' id='word_1_94' title='bbox 1256 736 1334 778; x_wconf 88' lang='lat' dir='ltr'>Ille</span> <span class='ocrx_word' id='word_1_95' title='bbox 1367 736 1497 786; x_wconf 87' lang='lat' dir='ltr'>enim,</span> <span class='ocrx_word' id='word_1_96' title='bbox 1531 750 1654 789; x_wconf 89' lang='lat' dir='ltr'>quem</span> <span class='ocrx_word' id='word_1_97' title='bbox 1685 736 1769 777; x_wconf 89' lang='lat' dir='ltr'>iam</span> 
     </span>
     <span class='ocr_line' id='line_1_12' title="bbox 347 792 1771 848; baseline 0 -14"><span class='ocrx_word' id='word_1_98' title='bbox 347 808 460 834; x_wconf 91' lang='lat' dir='ltr'>anno</span> <span class='ocrx_word' id='word_1_99' title='bbox 499 794 638 847; x_wconf 90' lang='lat' dir='ltr'>primo</span> <span class='ocrx_word' id='word_1_100' title='bbox 680 793 744 834; x_wconf 90' lang='lat' dir='ltr'>Ol.</span> <span class='ocrx_word' id='word_1_101' title='bbox 786 793 837 834; x_wconf 83' lang='lat'>87</span> <span class='ocrx_word' id='word_1_102' title='bbox 876 793 1088 834; x_wconf 89' lang='lat' dir='ltr'>interiisse</span> <span class='ocrx_word' id='word_1_103' title='bbox 1128 792 1377 848; x_wconf 77' lang='lat' dir='ltr'>constat4¹)‚</span> <span class='ocrx_word' id='word_1_104' title='bbox 1427 792 1608 846; x_wconf 85' lang='lat' dir='ltr'>exempli</span> <span class='ocrx_word' id='word_1_105' title='bbox 1646 807 1771 834; x_wconf 87' lang='lat' dir='ltr'>causa</span> 
     </span>
     <span class='ocr_line' id='line_1_13' title="bbox 347 849 1769 912; baseline 0 -22"><span class='ocrx_word' id='word_1_106' title='bbox 347 850 460 890; x_wconf 88' lang='lat' dir='ltr'>inter</span> <span class='ocrx_word' id='word_1_107' title='bbox 480 863 549 891; x_wconf 91' lang='lat' dir='ltr'>eos</span> <span class='ocrx_word' id='word_1_108' title='bbox 570 850 829 902; x_wconf 84' lang='lat' dir='ltr'>nominatur,</span> <span class='ocrx_word' id='word_1_109' title='bbox 859 864 962 903; x_wconf 90' lang='lat' dir='ltr'>quos</span> <span class='ocrx_word' id='word_1_110' title='bbox 985 849 1131 890; x_wconf 90' lang='lat' dir='ltr'>adiens</span> <span class='ocrx_word' id='word_1_111' title='bbox 1152 849 1435 912; x_wconf 78' lang='lat' dir='ltr'>Hippocrates</span> <span class='ocrx_word' id='word_1_112' title='bbox 1458 851 1615 890; x_wconf 87' lang='lat' dir='ltr'>certam</span> <span class='ocrx_word' id='word_1_113' title='bbox 1638 863 1769 903; x_wconf 87' lang='lat' dir='ltr'>quan-</span> 
     </span>
     <span class='ocr_line' id='line_1_14' title="bbox 347 904 1769 960; baseline 0 -14"><span class='ocrx_word' id='word_1_114' title='bbox 347 906 445 947; x_wconf 90' lang='lat' dir='ltr'>dam</span> <span class='ocrx_word' id='word_1_115' title='bbox 466 909 599 948; x_wconf 89' lang='lat' dir='ltr'>artem</span> <span class='ocrx_word' id='word_1_116' title='bbox 621 905 833 959; x_wconf 81' lang='lat' dir='ltr'>doceatur,</span> <span class='ocrx_word' id='word_1_117' title='bbox 868 920 963 947; x_wconf 89' lang='lat' dir='ltr'>cum</span> <span class='ocrx_word' id='word_1_118' title='bbox 984 905 1051 948; x_wconf 70' lang='lat' dir='ltr'>Cr</span> <span class='ocrx_word' id='word_1_119' title='bbox 1041 920 1172 957; x_wconf 82' lang='lat' dir='ltr'>isone</span> <span class='ocrx_word' id='word_1_120' title='bbox 1205 905 1364 960; x_wconf 84' lang='lat' dir='ltr'>insigni</span> <span class='ocrx_word' id='word_1_121' title='bbox 1387 919 1553 946; x_wconf 89' lang='lat' dir='ltr'>cursore</span> <span class='ocrx_word' id='word_1_122' title='bbox 1574 904 1769 947; x_wconf 72' lang='lat' dir='ltr'>Socrates</span> 
     </span>
     <span class='ocr_line' id='line_1_15' title="bbox 345 960 1769 1017; baseline -0.001 -14"><span class='ocrx_word' id='word_1_123' title='bbox 345 962 633 1017; x_wconf 83' lang='lat' dir='ltr'>Protagoram</span> <span class='ocrx_word' id='word_1_124' title='bbox 665 965 884 1016; x_wconf 87' lang='lat' dir='ltr'>comparat</span> <span class='ocrx_word' id='word_1_125' title='bbox 914 962 1154 1003; x_wconf 85' lang='lat' dir='ltr'>orationum</span> <span class='ocrx_word' id='word_1_126' title='bbox 1185 976 1352 1003; x_wconf 85' lang='lat' dir='ltr'>cursum</span> <span class='ocrx_word' id='word_1_127' title='bbox 1383 976 1472 1002; x_wconf 91' lang='lat' dir='ltr'>non</span> <span class='ocrx_word' id='word_1_128' title='bbox 1503 960 1769 1002; x_wconf 87' lang='lat' dir='ltr'>inhibentem</span> 
     </span>
     <span class='ocr_line' id='line_1_16' title="bbox 345 1016 1771 1072; baseline -0.001 -13"><span class='ocrx_word' id='word_1_129' title='bbox 345 1020 387 1059; x_wconf 89' lang='lat' dir='ltr'>et</span> <span class='ocrx_word' id='word_1_130' title='bbox 417 1032 535 1060; x_wconf 90' lang='lat' dir='ltr'>suam</span> <span class='ocrx_word' id='word_1_131' title='bbox 571 1018 882 1069; x_wconf 86' lang='lat' dir='ltr'>condicionem,</span> <span class='ocrx_word' id='word_1_132' title='bbox 923 1020 957 1059; x_wconf 88' lang='lat' dir='ltr'>si</span> <span class='ocrx_word' id='word_1_133' title='bbox 990 1033 1086 1059; x_wconf 90' lang='lat' dir='ltr'>cum</span> <span class='ocrx_word' id='word_1_134' title='bbox 1117 1018 1307 1072; x_wconf 87' lang='lat' dir='ltr'>sophista</span> <span class='ocrx_word' id='word_1_135' title='bbox 1336 1017 1478 1071; x_wconf 84' lang='lat' dir='ltr'>longis</span> <span class='ocrx_word' id='word_1_136' title='bbox 1509 1016 1771 1058; x_wconf 86' lang='lat' dir='ltr'>orationibus</span> 
     </span>
     <span class='ocr_line' id='line_1_17' title="bbox 346 1050 1771 1128; baseline -0.001 -13"><span class='ocrx_word' id='word_1_137' title='bbox 346 1076 506 1116; x_wconf 89' lang='lat' dir='ltr'>certare</span> <span class='ocrx_word' id='word_1_138' title='bbox 536 1075 753 1128; x_wconf 84' lang='lat' dir='ltr'>iubeatur,</span> <span class='ocrx_word' id='word_1_139' title='bbox 787 1052 963 1116; x_wconf 81' lang='lat' dir='ltr'>eandem</span> <span class='ocrx_word' id='word_1_140' title='bbox 995 1089 1085 1116; x_wconf 89' lang='lat' dir='ltr'>esse</span> <span class='ocrx_word' id='word_1_141' title='bbox 1117 1075 1241 1127; x_wconf 81' lang='lat' dir='ltr'>dicit,</span> <span class='ocrx_word' id='word_1_142' title='bbox 1281 1087 1330 1114; x_wconf 90' lang='lat' dir='ltr'>ac</span> <span class='ocrx_word' id='word_1_143' title='bbox 1361 1074 1396 1114; x_wconf 92' lang='lat' dir='ltr'>si</span> <span class='ocrx_word' id='word_1_144' title='bbox 1413 1050 1648 1114; x_wconf 55' lang='lat' dir='ltr'>t&#39;Crisonem</span> <span class='ocrx_word' id='word_1_145' title='bbox 1680 1087 1771 1114; x_wconf 89' lang='lat' dir='ltr'>cur-</span> 
     </span>
     <span class='ocr_line' id='line_1_18' title="bbox 344 1129 1771 1184; baseline -0.001 -13"><span class='ocrx_word' id='word_1_146' title='bbox 344 1131 476 1171; x_wconf 88' lang='lat' dir='ltr'>rendo</span> <span class='ocrx_word' id='word_1_147' title='bbox 514 1131 708 1172; x_wconf 89' lang='lat' dir='ltr'>iubeatur</span> <span class='ocrx_word' id='word_1_148' title='bbox 751 1131 967 1172; x_wconf 88' lang='lat' dir='ltr'>aemulari.</span> <span class='ocrx_word' id='word_1_149' title='bbox 1037 1130 1188 1171; x_wconf 86' lang='lat' dir='ltr'>Tribus</span> <span class='ocrx_word' id='word_1_150' title='bbox 1228 1130 1427 1184; x_wconf 83' lang='lat' dir='ltr'>deinceps</span> <span class='ocrx_word' id='word_1_151' title='bbox 1467 1129 1771 1170; x_wconf 85' lang='lat' dir='ltr'>certaminibus</span> 
     </span>
     <span class='ocr_line' id='line_1_19' title="bbox 345 1185 1772 1241; baseline -0.001 -13"><span class='ocrx_word' id='word_1_152' title='bbox 345 1186 581 1241; x_wconf 89' lang='lat' dir='ltr'>Olympicis</span> <span class='ocrx_word' id='word_1_153' title='bbox 620 1212 675 1218; x_wconf 91' lang='lat'>-—</span> <span class='ocrx_word' id='word_1_154' title='bbox 715 1187 781 1229; x_wconf 90' lang='lat' dir='ltr'>Ol.</span> <span class='ocrx_word' id='word_1_155' title='bbox 816 1188 883 1229; x_wconf 82' lang='lat'>83.</span> <span class='ocrx_word' id='word_1_156' title='bbox 916 1187 982 1229; x_wconf 86' lang='grc'>84.</span> <span class='ocrx_word' id='word_1_157' title='bbox 1016 1186 1070 1228; x_wconf 83' lang='lat'>85</span> <span class='ocrx_word' id='word_1_158' title='bbox 1101 1212 1154 1216; x_wconf 75' lang='lat'>—-</span> <span class='ocrx_word' id='word_1_159' title='bbox 1187 1186 1308 1228; x_wconf 82' lang='lat' dir='ltr'>Criso</span> <span class='ocrx_word' id='word_1_160' title='bbox 1323 1185 1375 1240; x_wconf 77' lang='lat'>42)</span> <span class='ocrx_word' id='word_1_161' title='bbox 1409 1200 1532 1227; x_wconf 87' lang='lat' dir='ltr'>cursu</span> <span class='ocrx_word' id='word_1_162' title='bbox 1564 1185 1683 1237; x_wconf 85' lang='lat' dir='ltr'>vicit,</span> <span class='ocrx_word' id='word_1_163' title='bbox 1724 1188 1772 1226; x_wconf 91' lang='lat' dir='ltr'>ut</span> 
     </span>
     <span class='ocr_line' id='line_1_20' title="bbox 345 1242 1770 1298; baseline -0.001 -14"><span class='ocrx_word' id='word_1_164' title='bbox 345 1243 420 1284; x_wconf 91' lang='lat' dir='ltr'>illo</span> <span class='ocrx_word' id='word_1_165' title='bbox 451 1246 640 1298; x_wconf 88' lang='lat' dir='ltr'>ternpore</span> <span class='ocrx_word' id='word_1_166' title='bbox 672 1244 761 1284; x_wconf 89' lang='lat' dir='ltr'>eius</span> <span class='ocrx_word' id='word_1_167' title='bbox 792 1243 947 1297; x_wconf 88' lang='lat' dir='ltr'>pedum</span> <span class='ocrx_word' id='word_1_168' title='bbox 979 1242 1208 1297; x_wconf 82' lang='lat' dir='ltr'>pernicitas</span> <span class='ocrx_word' id='word_1_169' title='bbox 1239 1244 1331 1284; x_wconf 84' lang='lat' dir='ltr'>tota</span> <span class='ocrx_word' id='word_1_170' title='bbox 1354 1242 1531 1285; x_wconf 82' lang='lat' dir='ltr'>Graecia</span> <span class='ocrx_word' id='word_1_171' title='bbox 1562 1244 1671 1282; x_wconf 86' lang='lat' dir='ltr'>esset</span> <span class='ocrx_word' id='word_1_172' title='bbox 1703 1256 1770 1283; x_wconf 87' lang='lat' dir='ltr'>ce-</span> 
     </span>
     <span class='ocr_line' id='line_1_21' title="bbox 345 1297 1769 1354; baseline -0.001 -14"><span class='ocrx_word' id='word_1_173' title='bbox 345 1299 496 1354; x_wconf 80' lang='lat' dir='ltr'>lebris3</span> <span class='ocrx_word' id='word_1_174' title='bbox 527 1300 599 1341; x_wconf 89' lang='lat' dir='ltr'>sed</span> <span class='ocrx_word' id='word_1_175' title='bbox 623 1299 688 1341; x_wconf 91' lang='lat' dir='ltr'>Ol.</span> <span class='ocrx_word' id='word_1_176' title='bbox 713 1300 780 1353; x_wconf 89' lang='grc'>89,</span> <span class='ocrx_word' id='word_1_177' title='bbox 813 1300 840 1340; x_wconf 88' lang='grc'><strong>2</strong></span> <span class='ocrx_word' id='word_1_178' title='bbox 870 1301 968 1353; x_wconf 89' lang='lat' dir='ltr'>post</span> <span class='ocrx_word' id='word_1_179' title='bbox 997 1299 1189 1340; x_wconf 80' lang='lat' dir='ltr'>ultimam</span> <span class='ocrx_word' id='word_1_180' title='bbox 1220 1300 1443 1341; x_wconf 86' lang='lat' dir='ltr'>victoriam</span> <span class='ocrx_word' id='word_1_181' title='bbox 1473 1297 1769 1352; x_wconf 87' lang='lat' dir='ltr'>duodeviginti</span> 
     </span>
     <span class='ocr_line' id='line_1_22' title="bbox 346 1333 1769 1409; baseline -0.002 -13"><span class='ocrx_word' id='word_1_182' title='bbox 346 1333 559 1397; x_wconf 77' lang='lat' dir='ltr'>annoriim</span> <span class='ocrx_word' id='word_1_183' title='bbox 589 1355 726 1409; x_wconf 87' lang='lat' dir='ltr'>spatio</span> <span class='ocrx_word' id='word_1_184' title='bbox 757 1356 980 1397; x_wconf 87' lang='lat' dir='ltr'>interiecto</span> <span class='ocrx_word' id='word_1_185' title='bbox 1012 1356 1103 1396; x_wconf 87' lang='lat' dir='ltr'>sine</span> <span class='ocrx_word' id='word_1_186' title='bbox 1135 1355 1262 1396; x_wconf 89' lang='lat' dir='ltr'>dubio</span> <span class='ocrx_word' id='word_1_187' title='bbox 1293 1358 1463 1396; x_wconf 86' lang='lat' dir='ltr'>tantum</span> <span class='ocrx_word' id='word_1_188' title='bbox 1494 1354 1544 1394; x_wconf 86' lang='lat' dir='ltr'>de</span> <span class='ocrx_word' id='word_1_189' title='bbox 1576 1367 1624 1394; x_wconf 88' lang='lat' dir='ltr'>ea</span> <span class='ocrx_word' id='word_1_190' title='bbox 1645 1352 1769 1394; x_wconf 89' lang='lat' dir='ltr'>laude</span> 
     </span>
     <span class='ocr_line' id='line_1_23' title="bbox 345 1409 1773 1466; baseline -0.001 -14"><span class='ocrx_word' id='word_1_191' title='bbox 345 1411 429 1453; x_wconf 89' lang='lat' dir='ltr'>fuit</span> <span class='ocrx_word' id='word_1_192' title='bbox 468 1412 728 1465; x_wconf 78' lang='lat' dir='ltr'>detractum,</span> <span class='ocrx_word' id='word_1_193' title='bbox 767 1414 815 1452; x_wconf 91' lang='lat' dir='ltr'>ut</span> <span class='ocrx_word' id='word_1_194' title='bbox 853 1426 932 1453; x_wconf 88' lang='lat' dir='ltr'>nec</span> <span class='ocrx_word' id='word_1_195' title='bbox 969 1412 1061 1465; x_wconf 90' lang='lat' dir='ltr'>ipse</span> <span class='ocrx_word' id='word_1_196' title='bbox 1101 1409 1291 1464; x_wconf 72' lang='grc' dir='ltr'><em>δρομεὺς</em></span> <span class='ocrx_word' id='word_1_197' title='bbox 1330 1410 1534 1466; x_wconf 73' lang='grc' dir='ltr'><em>ἀκμάζων</em></span> <span class='ocrx_word' id='word_1_198' title='bbox 1565 1409 1773 1464; x_wconf 82' lang='lat' dir='ltr'>appellari</span> 
     </span>
     <span class='ocr_line' id='line_1_24' title="bbox 346 1445 1771 1522; baseline -0.001 -13"><span class='ocrx_word' id='word_1_199' title='bbox 346 1471 490 1522; x_wconf 88' lang='lat' dir='ltr'>posset</span> <span class='ocrx_word' id='word_1_200' title='bbox 521 1470 563 1509; x_wconf 91' lang='lat' dir='ltr'>et</span> <span class='ocrx_word' id='word_1_201' title='bbox 584 1445 780 1510; x_wconf 79' lang='lat' dir='ltr'>Socrates</span> <span class='ocrx_word' id='word_1_202' title='bbox 810 1468 919 1508; x_wconf 90' lang='lat' dir='ltr'>nihil</span> <span class='ocrx_word' id='word_1_203' title='bbox 950 1467 1141 1520; x_wconf 82' lang='lat' dir='ltr'>haberet,</span> <span class='ocrx_word' id='word_1_204' title='bbox 1176 1482 1249 1508; x_wconf 91' lang='lat' dir='ltr'>cur</span> <span class='ocrx_word' id='word_1_205' title='bbox 1274 1482 1397 1509; x_wconf 87' lang='lat' dir='ltr'>cursu</span> <span class='ocrx_word' id='word_1_206' title='bbox 1419 1481 1514 1508; x_wconf 86' lang='lat' dir='ltr'>cum</span> <span class='ocrx_word' id='word_1_207' title='bbox 1536 1480 1584 1507; x_wconf 93' lang='lat' dir='ltr'>eo</span> <span class='ocrx_word' id='word_1_208' title='bbox 1609 1468 1771 1507; x_wconf 87' lang='lat' dir='ltr'>certare</span> 
     </span>
     <span class='ocr_line' id='line_1_25' title="bbox 346 1522 1773 1578; baseline -0.001 -13"><span class='ocrx_word' id='word_1_209' title='bbox 346 1525 492 1565; x_wconf 89' lang='lat' dir='ltr'>nollet.</span> <span class='ocrx_word' id='word_1_210' title='bbox 524 1524 698 1565; x_wconf 86' lang='lat' dir='ltr'>Etenim</span> <span class='ocrx_word' id='word_1_211' title='bbox 718 1539 773 1566; x_wconf 89' lang='lat' dir='ltr'>ne</span> <span class='ocrx_word' id='word_1_212' title='bbox 789 1523 975 1566; x_wconf 83' lang='lat' dir='ltr'>Socratis</span> <span class='ocrx_word' id='word_1_213' title='bbox 997 1524 1166 1578; x_wconf 89' lang='lat' dir='ltr'>quidem</span> <span class='ocrx_word' id='word_1_214' title='bbox 1188 1538 1383 1578; x_wconf 76' lang='lat' dir='ltr'>persona,</span> <span class='ocrx_word' id='word_1_215' title='bbox 1406 1524 1477 1577; x_wconf 83' lang='lat' dir='ltr'>qui</span> <span class='ocrx_word' id='word_1_216' title='bbox 1498 1524 1546 1563; x_wconf 89' lang='lat' dir='ltr'>ut</span> <span class='ocrx_word' id='word_1_217' title='bbox 1565 1522 1650 1563; x_wconf 87' lang='lat' dir='ltr'>iam</span> <span class='ocrx_word' id='word_1_218' title='bbox 1669 1522 1773 1564; x_wconf 87' lang='lat' dir='ltr'>vidi-</span> 
     </span>
     <span class='ocr_line' id='line_1_26' title="bbox 348 1578 1770 1634; baseline -0.001 -13"><span class='ocrx_word' id='word_1_219' title='bbox 348 1595 455 1634; x_wconf 84' lang='lat' dir='ltr'>mus,</span> <span class='ocrx_word' id='word_1_220' title='bbox 474 1580 652 1621; x_wconf 86' lang='lat' dir='ltr'>iuvenili</span> <span class='ocrx_word' id='word_1_221' title='bbox 673 1583 809 1622; x_wconf 89' lang='lat' dir='ltr'>aetate</span> <span class='ocrx_word' id='word_1_222' title='bbox 830 1580 987 1622; x_wconf 88' lang='lat' dir='ltr'>florens</span> <span class='ocrx_word' id='word_1_223' title='bbox 1005 1580 1268 1631; x_wconf 80' lang='lat' dir='ltr'>describitur,</span> <span class='ocrx_word' id='word_1_224' title='bbox 1293 1594 1406 1621; x_wconf 90' lang='lat' dir='ltr'>anno</span> <span class='ocrx_word' id='word_1_225' title='bbox 1423 1579 1506 1620; x_wconf 76' lang='lat'>423</span> <span class='ocrx_word' id='word_1_226' title='bbox 1528 1578 1770 1632; x_wconf 84' lang='lat' dir='ltr'>respondet.</span> 
     </span>
     <span class='ocr_line' id='line_1_27' title="bbox 462 1636 1772 1690; baseline -0.002 -12"><span class='ocrx_word' id='word_1_227' title='bbox 462 1636 544 1678; x_wconf 79' lang='lat' dir='ltr'>Sed</span> <span class='ocrx_word' id='word_1_228' title='bbox 610 1637 715 1677; x_wconf 87' lang='lat' dir='ltr'>haec</span> <span class='ocrx_word' id='word_1_229' title='bbox 775 1637 918 1677; x_wconf 87' lang='lat' dir='ltr'>omnia</span> <span class='ocrx_word' id='word_1_230' title='bbox 976 1636 1038 1677; x_wconf 82' lang='lat' dir='ltr'>ita</span> <span class='ocrx_word' id='word_1_231' title='bbox 1097 1640 1344 1690; x_wconf 89' lang='lat' dir='ltr'>comparata</span> <span class='ocrx_word' id='word_1_232' title='bbox 1403 1637 1522 1685; x_wconf 85' lang='lat' dir='ltr'>sunt⁷</span> <span class='ocrx_word' id='word_1_233' title='bbox 1591 1637 1638 1675; x_wconf 87' lang='lat' dir='ltr'>ut</span> <span class='ocrx_word' id='word_1_234' title='bbox 1695 1649 1772 1676; x_wconf 88' lang='lat' dir='ltr'>nos</span> 
     </span>
     <span class='ocr_line' id='line_1_28' title="bbox 349 1692 1772 1747; baseline -0.001 -14"><span class='ocrx_word' id='word_1_235' title='bbox 349 1693 403 1734; x_wconf 89' lang='lat' dir='ltr'>ad</span> <span class='ocrx_word' id='word_1_236' title='bbox 468 1693 585 1746; x_wconf 90' lang='lat' dir='ltr'>prius</span> <span class='ocrx_word' id='word_1_237' title='bbox 652 1692 863 1746; x_wconf 86' lang='lat' dir='ltr'>quoddam</span> <span class='ocrx_word' id='word_1_238' title='bbox 926 1695 1095 1747; x_wconf 89' lang='lat' dir='ltr'>tempus</span> <span class='ocrx_word' id='word_1_239' title='bbox 1158 1693 1271 1734; x_wconf 85' lang='lat' dir='ltr'>hunc</span> <span class='ocrx_word' id='word_1_240' title='bbox 1333 1693 1549 1746; x_wconf 79' lang='lat' dir='ltr'>dialogum</span> <span class='ocrx_word' id='word_1_241' title='bbox 1609 1704 1772 1732; x_wconf 87' lang='lat' dir='ltr'>accom-</span> 
     </span>
     <span class='ocr_line' id='line_1_29' title="bbox 347 1747 1772 1803; baseline -0.001 -14"><span class='ocrx_word' id='word_1_242' title='bbox 347 1748 568 1791; x_wconf 89' lang='lat' dir='ltr'>modatum</span> <span class='ocrx_word' id='word_1_243' title='bbox 614 1763 704 1790; x_wconf 90' lang='lat' dir='ltr'>esse</span> <span class='ocrx_word' id='word_1_244' title='bbox 751 1749 993 1790; x_wconf 85' lang='lat' dir='ltr'>existimare</span> <span class='ocrx_word' id='word_1_245' title='bbox 1041 1751 1250 1803; x_wconf 85' lang='lat' dir='ltr'>oporteat.</span> <span class='ocrx_word' id='word_1_246' title='bbox 1312 1749 1368 1790; x_wconf 88' lang='lat' dir='ltr'>Et</span> <span class='ocrx_word' id='word_1_247' title='bbox 1413 1747 1628 1789; x_wconf 84' lang='lat' dir='ltr'>Athenaei</span> <span class='ocrx_word' id='word_1_248' title='bbox 1673 1747 1772 1788; x_wconf 88' lang='lat' dir='ltr'>rati-</span> 
     </span>
     <span class='ocr_line' id='line_1_30' title="bbox 349 1805 1774 1859; baseline -0.002 -13"><span class='ocrx_word' id='word_1_249' title='bbox 349 1819 452 1846; x_wconf 88' lang='lat' dir='ltr'>ones</span> <span class='ocrx_word' id='word_1_250' title='bbox 500 1805 777 1858; x_wconf 85' lang='lat' dir='ltr'>speciosiores</span> <span class='ocrx_word' id='word_1_251' title='bbox 822 1820 948 1859; x_wconf 88' lang='lat' dir='ltr'>quam</span> <span class='ocrx_word' id='word_1_252' title='bbox 993 1806 1178 1846; x_wconf 87' lang='lat' dir='ltr'>veriores</span> <span class='ocrx_word' id='word_1_253' title='bbox 1220 1807 1333 1848; x_wconf 87' lang='lat' dir='ltr'>sunt.</span> <span class='ocrx_word' id='word_1_254' title='bbox 1402 1805 1680 1857; x_wconf 79' lang='lat' dir='ltr'>Protagoras,</span> <span class='ocrx_word' id='word_1_255' title='bbox 1726 1805 1774 1844; x_wconf 90' lang='lat' dir='ltr'>ut</span> 
     </span>
     <span class='ocr_line' id='line_1_31' title="bbox 348 1860 1773 1915; baseline -0.001 -13"><span class='ocrx_word' id='word_1_256' title='bbox 348 1875 476 1915; x_wconf 88' lang='lat' dir='ltr'>supra</span> <span class='ocrx_word' id='word_1_257' title='bbox 513 1861 792 1912; x_wconf 79' lang='lat' dir='ltr'>ostendimus,</span> <span class='ocrx_word' id='word_1_258' title='bbox 840 1864 976 1902; x_wconf 89' lang='lat' dir='ltr'>artem</span> <span class='ocrx_word' id='word_1_259' title='bbox 1022 1861 1300 1915; x_wconf 87' lang='lat' dir='ltr'>sophisticam</span> <span class='ocrx_word' id='word_1_260' title='bbox 1348 1860 1625 1902; x_wconf 85' lang='lat' dir='ltr'>inchoaverat</span> <span class='ocrx_word' id='word_1_261' title='bbox 1661 1873 1773 1900; x_wconf 89' lang='lat' dir='ltr'>anno</span> 
     </span>
     <span class='ocr_line' id='line_1_32' title="bbox 348 1914 1790 1971; baseline -0.002 -13"><span class='ocrx_word' id='word_1_262' title='bbox 348 1918 432 1959; x_wconf 86' lang='lat'>455</span> <span class='ocrx_word' id='word_1_263' title='bbox 471 1932 507 1959; x_wconf 87' lang='lat' dir='ltr'>a.</span> <span class='ocrx_word' id='word_1_264' title='bbox 554 1917 652 1959; x_wconf 80' lang='lat' dir='ltr'>Chr.</span> <span class='ocrx_word' id='word_1_265' title='bbox 695 1933 736 1959; x_wconf 92' lang='lat' dir='ltr'>n.</span> <span class='ocrx_word' id='word_1_266' title='bbox 798 1918 867 1958; x_wconf 90' lang='lat' dir='ltr'>Ab</span> <span class='ocrx_word' id='word_1_267' title='bbox 907 1932 955 1958; x_wconf 91' lang='lat' dir='ltr'>eo</span> <span class='ocrx_word' id='word_1_268' title='bbox 992 1917 1124 1971; x_wconf 87' lang='lat' dir='ltr'>igitur</span> <span class='ocrx_word' id='word_1_269' title='bbox 1161 1931 1274 1958; x_wconf 86' lang='lat' dir='ltr'>anno</span> <span class='ocrx_word' id='word_1_270' title='bbox 1312 1932 1387 1971; x_wconf 86' lang='lat' dir='ltr'>per</span> <span class='ocrx_word' id='word_1_271' title='bbox 1424 1915 1614 1970; x_wconf 87' lang='lat' dir='ltr'>singulas</span> <span class='ocrx_word' id='word_1_272' title='bbox 1645 1914 1790 1956; x_wconf 83' lang='lat' dir='ltr'>urbes&#39;</span> 
     </span>
     <span class='ocr_line' id='line_1_33' title="bbox 347 1970 1772 2028; baseline -0.003 -13"><span class='ocrx_word' id='word_1_273' title='bbox 347 1974 608 2028; x_wconf 87' lang='lat' dir='ltr'>migraverat</span> <span class='ocrx_word' id='word_1_274' title='bbox 638 1975 680 2014; x_wconf 90' lang='lat' dir='ltr'>et</span> <span class='ocrx_word' id='word_1_275' title='bbox 705 1974 751 2014; x_wconf 92' lang='lat' dir='ltr'>in</span> <span class='ocrx_word' id='word_1_276' title='bbox 774 1974 947 2027; x_wconf 90' lang='lat' dir='ltr'>optimis</span> <span class='ocrx_word' id='word_1_277' title='bbox 970 1973 1130 2015; x_wconf 91' lang='lat' dir='ltr'>artibus</span> <span class='ocrx_word' id='word_1_278' title='bbox 1152 1987 1299 2014; x_wconf 91' lang='lat' dir='ltr'>omnes</span> <span class='ocrx_word' id='word_1_279' title='bbox 1322 1973 1562 2027; x_wconf 90' lang='lat' dir='ltr'>quicunque</span> <span class='ocrx_word' id='word_1_280' title='bbox 1582 1970 1772 2013; x_wconf 87' lang='lat' dir='ltr'>discendi</span> 
     </span>
     <span class='ocr_line' id='line_1_34' title="bbox 351 2027 1771 2083; baseline -0.002 -12"><span class='ocrx_word' id='word_1_281' title='bbox 351 2030 492 2083; x_wconf 89' lang='lat' dir='ltr'>cupidi</span> <span class='ocrx_word' id='word_1_282' title='bbox 523 2031 646 2070; x_wconf 72' lang='lat' dir='ltr'>erant</span> <span class='ocrx_word' id='word_1_283' title='bbox 675 2029 928 2070; x_wconf 85' lang='lat' dir='ltr'>erudiverat.</span> <span class='ocrx_word' id='word_1_284' title='bbox 990 2029 1105 2078; x_wconf 79' lang='lat' dir='ltr'>Quae</span> <span class='ocrx_word' id='word_1_285' title='bbox 1137 2030 1225 2070; x_wconf 91' lang='lat' dir='ltr'>eius</span> <span class='ocrx_word' id='word_1_286' title='bbox 1258 2028 1518 2071; x_wconf 84' lang='lat' dir='ltr'>consuetudo</span> <span class='ocrx_word' id='word_1_287' title='bbox 1552 2029 1650 2083; x_wconf 80' lang='grc' dir='ltr'>(τοῦ</span> <span class='ocrx_word' id='word_1_288' title='bbox 1683 2027 1771 2069; x_wconf 82' lang='grc' dir='ltr'><em>ἐπι-</em></span> 
     </span>
     <span class='ocr_line' id='line_1_35' title="bbox 350 2083 1773 2140; baseline -0.001 -14"><span class='ocrx_word' id='word_1_289' title='bbox 350 2085 527 2139; x_wconf 78' lang='grc' dir='ltr'>ὃημεῖν)</span> <span class='ocrx_word' id='word_1_290' title='bbox 549 2085 762 2126; x_wconf 89' lang='lat' dir='ltr'>Athenaei</span> <span class='ocrx_word' id='word_1_291' title='bbox 784 2085 1022 2126; x_wconf 89' lang='lat' dir='ltr'>sententiae</span> <span class='ocrx_word' id='word_1_292' title='bbox 1043 2100 1304 2140; x_wconf 86' lang='lat' dir='ltr'>magnopere</span> <span class='ocrx_word' id='word_1_293' title='bbox 1326 2087 1584 2127; x_wconf 88' lang='lat' dir='ltr'>adversatur.</span> <span class='ocrx_word' id='word_1_294' title='bbox 1625 2083 1773 2138; x_wconf 88' lang='lat' dir='ltr'>Neque</span> 
     </span>
     <span class='ocr_line' id='line_1_36' title="bbox 351 2141 1774 2196; baseline -0.002 -13"><span class='ocrx_word' id='word_1_295' title='bbox 351 2143 465 2183; x_wconf 86' lang='lat' dir='ltr'>enim</span> <span class='ocrx_word' id='word_1_296' title='bbox 503 2141 759 2196; x_wconf 88' lang='lat' dir='ltr'>Protagoras</span> <span class='ocrx_word' id='word_1_297' title='bbox 800 2155 913 2182; x_wconf 89' lang='lat' dir='ltr'>anno</span> <span class='ocrx_word' id='word_1_298' title='bbox 950 2142 1033 2183; x_wconf 81' lang='grc'>423</span> <span class='ocrx_word' id='word_1_299' title='bbox 1077 2142 1308 2183; x_wconf 91' lang='lat' dir='ltr'>secundum</span> <span class='ocrx_word' id='word_1_300' title='bbox 1339 2142 1534 2182; x_wconf 86' lang='lat' dir='ltr'>Athenas</span> <span class='ocrx_word' id='word_1_301' title='bbox 1573 2141 1774 2181; x_wconf 86' lang='lat' dir='ltr'>advenire</span> 
     </span>
     <span class='ocr_line' id='line_1_37' title="bbox 350 2195 1773 2252; baseline -0.002 -13"><span class='ocrx_word' id='word_1_302' title='bbox 350 2197 512 2252; x_wconf 72' lang='lat' dir='ltr'>potuit,</span> <span class='ocrx_word' id='word_1_303' title='bbox 553 2198 635 2238; x_wconf 89' lang='lat' dir='ltr'>nisi</span> <span class='ocrx_word' id='word_1_304' title='bbox 675 2198 856 2252; x_wconf 89' lang='lat' dir='ltr'>triginta</span> <span class='ocrx_word' id='word_1_305' title='bbox 896 2197 1073 2239; x_wconf 89' lang='lat' dir='ltr'>duorum</span> <span class='ocrx_word' id='word_1_306' title='bbox 1114 2212 1324 2240; x_wconf 88' lang='lat' dir='ltr'>annorum</span> <span class='ocrx_word' id='word_1_307' title='bbox 1363 2197 1501 2251; x_wconf 89' lang='lat' dir='ltr'>spatio</span> <span class='ocrx_word' id='word_1_308' title='bbox 1541 2199 1613 2237; x_wconf 89' lang='lat' dir='ltr'>aut</span> <span class='ocrx_word' id='word_1_309' title='bbox 1644 2195 1773 2237; x_wconf 89' lang='lat' dir='ltr'>semel</span> 
     </span>
     <span class='ocr_line' id='line_1_38' title="bbox 350 2253 1773 2307; baseline -0.002 -13"><span class='ocrx_word' id='word_1_310' title='bbox 350 2254 411 2294; x_wconf 89' lang='lat' dir='ltr'>ibi</span> <span class='ocrx_word' id='word_1_311' title='bbox 449 2255 641 2295; x_wconf 87' lang='lat' dir='ltr'>versatus</span> <span class='ocrx_word' id='word_1_312' title='bbox 685 2256 777 2295; x_wconf 90' lang='lat' dir='ltr'>erat</span> <span class='ocrx_word' id='word_1_313' title='bbox 815 2256 889 2295; x_wconf 88' lang='lat' dir='ltr'>aut</span> <span class='ocrx_word' id='word_1_314' title='bbox 925 2254 1054 2295; x_wconf 87' lang='lat' dir='ltr'>semel</span> <span class='ocrx_word' id='word_1_315' title='bbox 1093 2254 1297 2295; x_wconf 86' lang='lat' dir='ltr'>abfuerat.</span> <span class='ocrx_word' id='word_1_316' title='bbox 1358 2253 1594 2307; x_wconf 88' lang='lat' dir='ltr'>Utrumque</span> <span class='ocrx_word' id='word_1_317' title='bbox 1626 2255 1668 2293; x_wconf 90' lang='lat' dir='ltr'>et</span> <span class='ocrx_word' id='word_1_318' title='bbox 1697 2265 1773 2305; x_wconf 91' lang='lat' dir='ltr'>per</span> 
     </span>
     <span class='ocr_line' id='line_1_39' title="bbox 351 2309 1771 2364; baseline -0.002 -13"><span class='ocrx_word' id='word_1_319' title='bbox 351 2324 395 2351; x_wconf 90' lang='lat' dir='ltr'>se</span> <span class='ocrx_word' id='word_1_320' title='bbox 434 2309 683 2351; x_wconf 87' lang='lat' dir='ltr'>incredibile</span> <span class='ocrx_word' id='word_1_321' title='bbox 722 2312 786 2351; x_wconf 92' lang='lat' dir='ltr'>est</span> <span class='ocrx_word' id='word_1_322' title='bbox 823 2324 902 2351; x_wconf 85' lang='lat' dir='ltr'>nec</span> <span class='ocrx_word' id='word_1_323' title='bbox 932 2311 1058 2351; x_wconf 86' lang='lat' dir='ltr'>ullius</span> <span class='ocrx_word' id='word_1_324' title='bbox 1089 2310 1301 2364; x_wconf 89' lang='lat' dir='ltr'>sophistae</span> <span class='ocrx_word' id='word_1_325' title='bbox 1333 2309 1524 2363; x_wconf 88' lang='lat' dir='ltr'>exemplo</span> <span class='ocrx_word' id='word_1_326' title='bbox 1554 2309 1771 2363; x_wconf 89' lang='lat' dir='ltr'>probatur.</span> 
     </span>
     <span class='ocr_line' id='line_1_40' title="bbox 351 2363 1771 2420; baseline -0.002 -13"><span class='ocrx_word' id='word_1_327' title='bbox 351 2365 411 2407; x_wconf 86' lang='lat' dir='ltr'>Et</span> <span class='ocrx_word' id='word_1_328' title='bbox 446 2366 588 2406; x_wconf 72' lang='lat' dir='ltr'>fuerat</span> <span class='ocrx_word' id='word_1_329' title='bbox 619 2365 876 2420; x_wconf 86' lang='lat' dir='ltr'>Protagoras</span> <span class='ocrx_word' id='word_1_330' title='bbox 906 2366 1088 2407; x_wconf 87' lang='lat' dir='ltr'>Athenis</span> <span class='ocrx_word' id='word_1_331' title='bbox 1127 2368 1211 2408; x_wconf 90' lang='lat' dir='ltr'>iam</span> <span class='ocrx_word' id='word_1_332' title='bbox 1242 2368 1432 2408; x_wconf 88' lang='lat' dir='ltr'>versatus</span> <span class='ocrx_word' id='word_1_333' title='bbox 1465 2365 1530 2408; x_wconf 86' lang='lat' dir='ltr'>Ol.</span> <span class='ocrx_word' id='word_1_334' title='bbox 1563 2364 1618 2406; x_wconf 83' lang='lat'>84</span> <span class='ocrx_word' id='word_1_335' title='bbox 1650 2363 1771 2418; x_wconf 84' lang='lat'>(444)</span> 
     </span>
     <span class='ocr_line' id='line_1_41' title="bbox 355 2422 1772 2476; baseline -0.001 -14"><span class='ocrx_word' id='word_1_336' title='bbox 355 2424 479 2475; x_wconf 89' lang='lat' dir='ltr'>atque</span> <span class='ocrx_word' id='word_1_337' title='bbox 532 2422 591 2462; x_wconf 89' lang='lat' dir='ltr'>ibi</span> <span class='ocrx_word' id='word_1_338' title='bbox 645 2422 698 2462; x_wconf 90' lang='lat' dir='ltr'>ad</span> <span class='ocrx_word' id='word_1_339' title='bbox 750 2424 911 2463; x_wconf 90' lang='lat' dir='ltr'>tantam</span> <span class='ocrx_word' id='word_1_340' title='bbox 968 2422 1126 2463; x_wconf 79' lang='lat' dir='ltr'>famam</span> <span class='ocrx_word' id='word_1_341' title='bbox 1165 2424 1431 2476; x_wconf 87' lang='lat' dir='ltr'>pervenerat,</span> <span class='ocrx_word' id='word_1_342' title='bbox 1480 2423 1527 2461; x_wconf 92' lang='lat' dir='ltr'>ut</span> <span class='ocrx_word' id='word_1_343' title='bbox 1563 2435 1692 2475; x_wconf 87' lang='lat' dir='ltr'>quum</span> <span class='ocrx_word' id='word_1_344' title='bbox 1724 2434 1772 2460; x_wconf 91' lang='lat' dir='ltr'>eo</span> 
     </span>
     <span class='ocr_line' id='line_1_42' title="bbox 353 2476 1773 2533; baseline -0.002 -14"><span class='ocrx_word' id='word_1_345' title='bbox 353 2492 467 2519; x_wconf 89' lang='lat' dir='ltr'>anno</span> <span class='ocrx_word' id='word_1_346' title='bbox 498 2477 664 2519; x_wconf 88' lang='lat' dir='ltr'>colonia</span> <span class='ocrx_word' id='word_1_347' title='bbox 695 2477 876 2519; x_wconf 86' lang='lat' dir='ltr'>Thurios</span> <span class='ocrx_word' id='word_1_348' title='bbox 908 2479 1203 2533; x_wconf 81' lang='lat' dir='ltr'>deduceretur,</span> <span class='ocrx_word' id='word_1_349' title='bbox 1243 2478 1327 2525; x_wconf 87' lang='lat' dir='ltr'>illis</span> <span class='ocrx_word' id='word_1_350' title='bbox 1358 2477 1520 2519; x_wconf 88' lang='lat' dir='ltr'>colonis</span> <span class='ocrx_word' id='word_1_351' title='bbox 1552 2477 1668 2531; x_wconf 88' lang='lat' dir='ltr'>leges</span> <span class='ocrx_word' id='word_1_352' title='bbox 1700 2476 1773 2529; x_wconf 86' lang='lat' dir='ltr'>qui</span> 
     </span>
     <span class='ocr_line' id='line_1_43' title="bbox 353 2531 1772 2590; baseline -0.003 -15"><span class='ocrx_word' id='word_1_353' title='bbox 353 2534 557 2575; x_wconf 73' lang='lat' dir='ltr'>scriberet</span> <span class='ocrx_word' id='word_1_354' title='bbox 609 2534 662 2574; x_wconf 87' lang='lat' dir='ltr'>ab</span> <span class='ocrx_word' id='word_1_355' title='bbox 707 2534 1041 2576; x_wconf 85' lang='lat' dir='ltr'>Atheniensibus</span> <span class='ocrx_word' id='word_1_356' title='bbox 1096 2535 1250 2590; x_wconf 85' lang='lat' dir='ltr'>dignus</span> <span class='ocrx_word' id='word_1_357' title='bbox 1294 2533 1533 2575; x_wconf 88' lang='lat' dir='ltr'>haberetur.</span> <span class='ocrx_word' id='word_1_358' title='bbox 1548 2533 1601 2587; x_wconf 73' lang='grc'>43)</span> <span class='ocrx_word' id='word_1_359' title='bbox 1671 2531 1772 2573; x_wconf 80' lang='lat' dir='ltr'>Veri</span> 
     </span>
    </p>
   </div>
   <div class='ocr_carea' id='block_1_3' title="bbox 354 2616 623 2619">
    <p class='ocr_par' dir='ltr' id='par_1_3' title="bbox 354 2616 623 2619">
     <span class='ocr_line' id='line_1_44' title="bbox 354 2616 623 2619; baseline 0 0"><span class='ocrx_word' id='word_1_360' title='bbox 354 2616 623 2619; x_wconf 95' lang='lat' dir='ltr'> </span> 
     </span>
    </p>
   </div>
   <div class='ocr_carea' id='block_1_4' title="bbox 354 2643 1774 2869">
    <p class='ocr_par' dir='ltr' id='par_1_4' title="bbox 356 2643 1772 2734">
     <span class='ocr_line' id='line_1_45' title="bbox 468 2643 1772 2734; baseline -0.002 -55"><span class='ocrx_word' id='word_1_361' title='bbox 468 2645 530 2688; x_wconf 88' lang='grc'>41)</span> <span class='ocrx_word' id='word_1_362' title='bbox 556 2648 661 2680; x_wconf 84' lang='lat' dir='ltr'>Hanc</span> <span class='ocrx_word' id='word_1_363' title='bbox 693 2645 733 2680; x_wconf 92' lang='grc' dir='ltr'>Ο.</span> <span class='ocrx_word' id='word_1_364' title='bbox 768 2645 941 2734; x_wconf 74' lang='lat' dir='ltr'>Muellerpi</span> <span class='ocrx_word' id='word_1_365' title='bbox 981 2645 1204 2680; x_wconf 85' lang='lat' dir='ltr'>sententiam</span> <span class='ocrx_word' id='word_1_366' title='bbox 1237 2647 1383 2679; x_wconf 90' lang='lat' dir='ltr'>secutus</span> <span class='ocrx_word' id='word_1_367' title='bbox 1415 2645 1529 2679; x_wconf 88' lang='lat' dir='ltr'>etiam</span> <span class='ocrx_word' id='word_1_368' title='bbox 1562 2646 1619 2680; x_wconf 87' lang='lat' dir='ltr'>est</span> <span class='ocrx_word' id='word_1_369' title='bbox 1648 2643 1772 2677; x_wconf 88' lang='lat' dir='ltr'>Brunn</span> 
     </span>
     <span class='ocr_line' id='line_1_46' title="bbox 356 2689 1056 2734; baseline 0.001 -10"><span class='ocrx_word' id='word_1_370' title='bbox 356 2689 530 2726; x_wconf 87' lang='lat' dir='ltr'>Graecor</span> <span class='ocrx_word' id='word_1_371' title='bbox 557 2690 683 2724; x_wconf 88' lang='lat' dir='ltr'>artific.</span> <span class='ocrx_word' id='word_1_372' title='bbox 710 2690 838 2725; x_wconf 81' lang='lat' dir='ltr'>histor.</span> <span class='ocrx_word' id='word_1_373' title='bbox 863 2689 891 2724; x_wconf 91' lang='lat' dir='ltr'>I.</span> <span class='ocrx_word' id='word_1_374' title='bbox 918 2702 953 2734; x_wconf 87' lang='lat' dir='ltr'>p.</span> <span class='ocrx_word' id='word_1_375' title='bbox 983 2695 1056 2727; x_wconf 84' lang='lat'>167</span> 
     </span>
    </p>

    <p class='ocr_par' dir='ltr' id='par_1_5' title="bbox 354 2733 1772 2817">
     <span class='ocr_line' id='line_1_47' title="bbox 466 2733 1772 2778; baseline -0.001 -10"><span class='ocrx_word' id='word_1_376' title='bbox 466 2734 524 2777; x_wconf 82' lang='lat'>42)</span> <span class='ocrx_word' id='word_1_377' title='bbox 550 2734 594 2769; x_wconf 95' lang='lat' dir='ltr'>V.</span> <span class='ocrx_word' id='word_1_378' title='bbox 622 2735 772 2771; x_wconf 78' lang='lat' dir='ltr'>Diodor.</span> <span class='ocrx_word' id='word_1_379' title='bbox 798 2735 885 2777; x_wconf 89' lang='lat' dir='ltr'>XII,</span> <span class='ocrx_word' id='word_1_380' title='bbox 917 2740 948 2770; x_wconf 90' lang='lat'>5.</span> <span class='ocrx_word' id='word_1_381' title='bbox 974 2740 1027 2770; x_wconf 69' lang='lat'>03.</span> <span class='ocrx_word' id='word_1_382' title='bbox 1055 2740 1108 2770; x_wconf 79' lang='lat'>29.</span> <span class='ocrx_word' id='word_1_383' title='bbox 1158 2734 1310 2778; x_wconf 78' lang='lat' dir='ltr'>Dionys.</span> <span class='ocrx_word' id='word_1_384' title='bbox 1335 2734 1418 2768; x_wconf 84' lang='lat' dir='ltr'>Hal.</span> <span class='ocrx_word' id='word_1_385' title='bbox 1443 2734 1567 2778; x_wconf 88' lang='lat' dir='ltr'>Antiq</span> <span class='ocrx_word' id='word_1_386' title='bbox 1592 2734 1697 2768; x_wconf 87' lang='lat' dir='ltr'>Rom.</span> <span class='ocrx_word' id='word_1_387' title='bbox 1721 2733 1772 2767; x_wconf 90' lang='lat' dir='ltr'>XI</span> 
     </span>
     <span class='ocr_line' id='line_1_48' title="bbox 354 2779 684 2822; baseline 0 -8"><span class='ocrx_word' id='word_1_388' title='bbox 354 2780 433 2817; x_wconf 85' lang='lat' dir='ltr'>init.</span> <span class='ocrx_word' id='word_1_389' title='bbox 459 2779 613 2814; x_wconf 85' lang='lat' dir='ltr'>Pausan.</span> <span class='ocrx_word' id='word_1_390' title='bbox 640 2779 684 2822; x_wconf 97' lang='lat' dir='ltr'><strong>V</strong></span> 
     </span>
    </p>

    <p class='ocr_par' dir='ltr' id='par_1_6' title="bbox 469 2784 1774 2869">
     <span class='ocr_line' id='line_1_49' title="bbox 469 2784 1774 2869; baseline 0 -11"><span class='ocrx_word' id='word_1_391' title='bbox 469 2827 528 2867; x_wconf 89' lang='grc'>43)</span> <span class='ocrx_word' id='word_1_392' title='bbox 555 2824 662 2868; x_wconf 84' lang='lat' dir='ltr'>Diog.</span> <span class='ocrx_word' id='word_1_393' title='bbox 676 2784 812 2859; x_wconf 62' lang='lat' dir='ltr'>Lagert.</span> <span class='ocrx_word' id='word_1_394' title='bbox 839 2824 902 2862; x_wconf 79' lang='lat' dir='ltr'>IX.</span> <span class='ocrx_word' id='word_1_395' title='bbox 929 2828 960 2868; x_wconf 84' lang='grc'>8,</span> <span class='ocrx_word' id='word_1_396' title='bbox 987 2829 1046 2860; x_wconf 82' lang='lat'>50:</span> <span class='ocrx_word' id='word_1_397' title='bbox 1082 2822 1336 2869; x_wconf 80' lang='grc' dir='ltr'><em>Πρωταγόρας</em></span> <span class='ocrx_word' id='word_1_398' title='bbox 1363 2850 1371 2858; x_wconf 95' lang='grc'>.</span> <span class='ocrx_word' id='word_1_399' title='bbox 1394 2825 1679 2867; x_wconf 74' lang='grc' dir='ltr'><strong><em>Μαιανδρίου</em></strong></span> <span class='ocrx_word' id='word_1_400' title='bbox 1701 2821 1774 2868; x_wconf 82' lang='grc' dir='ltr'><em>’-·Αβ</em></span> 
     </span>
    </p>
   </div>
  </div>
 </body>
</html>
