1907 3230
571 180 906 215 PROTAGORAS.
933 180 972 214 P.
997 184 1062 214 325
1088 179 1153 214 ST.
1522 183 1571 223 91

273 277 374 330 Cap.
397 277 493 318 XV.
521 276 591 318 Ἐκ
622 279 797 318 παίδων
829 281 1034 330 σμικρῶν
1064 276 1304 331 ἀρξάμενοι
1335 279 1461 331 μέχρι
1493 273 1576 319 οὗ-

159 357 242 396 περ
281 340 337 384 ἄν
375 343 480 393 ζῶσι
519 341 590 384 καὶ
624 343 889 384 διδάσκουσι
918 344 990 384 καὶ
1020 346 1334 385 νουθετοῦσιν.
1398 344 1577 386 ἐπειδὰν

159 412 328 451 θᾶττον
359 413 494 464 συνιῇ
524 425 589 465 τις
624 407 677 450 τὰ
717 410 957 464 λεγόμενα,
1004 409 1080 451 καὶ
1116 409 1282 464 τροφὸς
1320 410 1394 452 καὶ
1432 410 1576 466 μήτηρ

159 477 233 518 καὶ
264 475 547 530 παιδαγωγὸς
577 478 650 518 καὶ
688 474 821 526 αὐτὸς
851 475 874 519 ὁ
906 475 1050 531 πατὴρ
1090 477 1192 531 περὶ
1223 478 1384 519 τούτου
1416 478 1577 533 διαμά-

119 557 135 583 5
160 559 334 598 χονται,
372 542 490 593 ὅπως
519 542 578 592 ὦς
612 544 830 597 βέλτιστος
861 546 982 586 ἔσται
1014 543 1036 586 ὁ
1067 551 1191 599 παῖς,
1237 543 1342 599 παρ’
1383 544 1572 587 ἕκαστον
1597 554 1627 588 D

158 610 232 652 καὶ
262 613 396 665 ἔργον
427 613 500 652 καὶ
532 609 667 664 λόγον
699 610 989 661 διδάσκοντες
1019 613 1094 653 καὶ
1125 612 1475 667 ἐνδεικνύμενοι,
1508 611 1576 655 ὅτι

158 677 259 720 τόδε
289 679 372 733 μὲν
403 678 597 730 δίκαιον,
641 677 741 719 τόδε
773 679 821 719 δὲ
853 678 1029 731 ἄδικον,
1063 679 1137 720 καὶ
1169 679 1274 721 τόδε
1304 681 1387 734 μὲν
1418 679 1574 733 καλόν,

156 746 259 788 τόδε
299 745 346 786 δὲ
386 744 585 799 αἰσχρόν,
626 745 700 786 καὶ
737 746 839 786 τόδε
868 745 950 799 μὲν
982 744 1125 800 ὅσιον,
1157 748 1261 788 τόδε
1293 747 1341 788 δὲ
1373 745 1574 801 ἀνόσιον,

157 813 231 854 καὶ
267 811 320 854 τὰ
355 813 438 866 μὲν
477 814 615 865 ποίει,
655 811 708 853 τὰ
746 813 795 854 δὲ
833 812 890 866 μὴ
931 816 1056 854 ποίει.
1120 813 1195 855 καὶ
1233 813 1313 856 ἐὰν
1343 814 1426 867 μὲν
1458 813 1575 856 ἑκών

110 890 142 916 10
158 882 387 934 πείθηται·
429 880 469 921 εἰ
506 880 555 922 δὲ
593 879 675 934 μή,
714 880 865 934 ὥσπερ
904 880 1041 930 ξύλον
1081 881 1465 936 διαστρεφόμενον
1503 882 1575 922 καὶ

157 948 467 1002 καμπτόμενον
507 946 787 990 εὐθύνουσιν
832 947 1035 997 ἀπειλαῖς
1073 949 1148 989 καὶ
1186 953 1385 1002 πληγαῖς.

270 1087 302 1117 3.
336 1083 447 1127 συνιῇ

457 1096 463 1115 :
495 1082 533 1116 111
566 1083 595 1117 Τ
628 1084 685 1116 est
717 1084 828 1141 συνίῃ
854 1084 891 1117 et
914 1083 942 1117 B
970 1086 1162 1118 accentum
1189 1083 1322 1118 omisit.

1446 949 1576 990 Μετὰ

1395 1088 1424 1118 5
1457 1078 1575 1124 ὅπως

158 1124 228 1167 ὠς;
259 1118 452 1163 intercidit
483 1125 531 1168 ὡς
564 1128 603 1161 in
627 1127 656 1160 B
683 1129 721 1161 et
746 1127 776 1161 '1
801 1129 956 1172 propter
981 1128 1151 1162 ultimam
1177 1129 1357 1173 syllabam
1381 1130 1574 1173 proximae

156 1169 361 1222 partichlae
394 1168 512 1213 ὅπως,
538 1172 602 1206 sed
629 1174 670 1206 ut
694 1172 915 1215 reducatur,
940 1172 1031 1206 mihi
1057 1175 1094 1208 et
1119 1174 1352 1208 educationis
1377 1176 1512 1208 natura
1537 1175 1575 1208 et

155 1216 264 1251 huius
288 1216 550 1261 disputationis
576 1218 672 1252 ratio
705 1217 792 1251 011111
817 1218 891 1252 iam
917 1218 1114 1253 videbatur
1137 1219 1338 1262 postulare.

1409 1223 1440 1254 7.
1466 1216 1573 1254 τόδε

155 1274 238 1305 μεν
276 1263 484 1316 δίκαιον,
522 1260 628 1297 τόδε
669 1260 719 1296 δὲ
744 1262 903 1318 scripsi:
944 1261 986 1297 τὸ
1024 1276 1094 1308 μεν
1133 1265 1305 1306 δι’,καιον
1344 1261 1386 1298 τὸ
1420 1262 1462 1298 δὲ
1495 1263 1574 1297 ΒΤ.

155 1295 187 1341 9.
217 1303 270 1340 τὰ
302 1319 386 1350 μεν
413 1328 453 1333 —-
479 1306 532 1342 τὰ
557 1306 607 1342 δε
634 1307 678 1340 B:
704 1305 798 1342 τάδε
822 1321 891 1351 μεν
916 1327 958 1332 --
984 1309 1077 1343 τάδε
1104 1306 1146 1343 δὲ
1172 1308 1211 1342 Γ.

203 1432 292 1475 Cap.
317 1431 394 1466 XV.
443 1430 508 1465 Est
532 1430 602 1464 hoc
627 1432 741 1474 caput
766 1431 830 1464 ad-

155 1476 307 1511 modum
331 1475 510 1519 notabsse,
537 1475 676 1519 quippe
694 1487 738 1509 ex
756 1486 830 1518 quo

155 1532 358 1565 puerorum
383 1521 555 1556 educatio
574 1522 612 1554 et
628 1520 828 1563 institutio,

157 1577 252 1610 quae
262 1577 309 1611 ap
314 1566 362 1601 ud
372 1566 616 1600 Athenienses
626 1565 694 1599 illa
704 1566 828 1600 aetate

154 1578 322 1656 vigebat,
350 1611 490 1655 optime
509 1611 681 1654 cognosci
698 1611 825 1654 possit.

156 1640 258 1694 Conf,
284 1639 427 1691 Becker
453 1656 610 1691 Charicl.
638 1655 827 1690 Hermann

157 1701 302 1736 Griech.
318 1701 502 1745 Antiquit
517 1700 638 1736 11134
665 1699 703 1737 L.
723 1700 831 1734 Gras-

155 1746 290 1790 berger
314 1746 524 1790 Erziehung
555 1757 588 1780 11.
616 1745 832 1779 Unterricht

154 1792 205 1825 im
231 1791 334 1826 class.
361 1791 560 1825 Altertum.

202 1840 230 1871 1.
257 1835 326 1871 'Eu
352 1837 540 1870 παίδων
566 1836 814 1879 σμικρών-
818 1835 829 1880 ]

153 1881 380 1936 Protagoras
408 1881 488 1924 ipse
522 1881 643 1915 dicere
669 1880 829 1914 solebat·

156 1925 304 1968 φύσεως
330 1927 395 1960 καὶ
420 1923 614 1982 ἀσκήσεως
646 1926 830 1960 διδασκα-

155 1972 218 2005 λιά
244 1973 394 2026 δεῖται,
432 1984 498 2005 και
535 1968 611 2005 απὸ
649 1969 830 2023 νεότητος

156 2015 198 2051 δὲ
232 2013 469 2060 ἀρξαμένους
502 2017 569 2050 δεῖ
596 2013 829 2060 μανθάνειν.

155 2061 306 2096 Cramer
329 2061 468 2095 Anecd.
492 2060 575 2095 Par.
603 2061 678 2104 lp
708 2064 780 2095 171.

181 2105 334 2162 μέχρι
361 2119 504 2159 ουπερ
531 2102 586 2140 ἂν
612 2105 735 2150 ζῶσι]
762 2105 828 2139 int.

157 2149 194 2185 οἷ
203 2146 360 2204 ἀγαθοὶ
382 2147 533 2203 ᾅνδρες.
551 2151 604 2184 De
619 2162 696 2194 rep.
705 2154 764 2185 471
780 2150 828 2184 B:

157 2194 291 2240 μέχρι
317 2193 485 2230 τούτου
511 2192 739 2249 ποιήσονται
757 2193 832 2252 τὴν

157 2240 373 2294 διαφοράν,
421 2240 554 2284 μέχρι
604 2239 652 2276 οὺ
703 2253 750 2274 αν
794 2239 832 2274 οἵ

157 2286 274 2320 αἴτιοι
316 2282 594 2335 άναγκασθῷσι
621 2313 628 2319 .
689 2286 829 2320 δοῦναι

156 2332 246 2375 δίκη
249 2344 283 2365 ν.
324 2330 379 2365 De
404 2341 443 2365 re
468 2330 608 2374 optime
626 2330 733 2365 Plato
750 2329 829 2372 ipse

157 2376 202 2410 de
223 2344 294 2419 1108.
318 2387 356 2420 p.
384 2379 448 2410 729
475 2376 518 2410 C:
545 2377 707 2410 παιδεία
732 2376 828 2409 νέων

156 2420 398 2475 διαφέρουσά
423 2418 523 2455 ἐστιν
549 2418 593 2455 οὐ
621 2419 661 2455 τὸ
690 2422 828 2455 νουθε-

154 2469 247 2508 τειν,
266 2463 352 2500 ἀλλ’
372 2461 468 2510 άπερ
487 2459 535 2500 ἂν
553 2462 670 2500 ἄλλον
689 2467 827 2499 νουθε-

154 2510 230 2565 to}v
256 2513 358 2546 εἴποι
359 2524 444 2561 τις,
472 2512 686 2563 φαίνεσθαι
706 2522 828 2544 ταντα

155 2552 273 2590 αὐτὸν
301 2554 452 2608 δρῶντα
478 2553 544 2590 διὰ
570 2557 670 2600 βι’.ου

199 2604 231 2634 2.
250 2598 450 2636 ἐπειδαν
474 2601 723 2644 θᾶττον-]
744 2599 828 2633 11111-

153 2645 253 2680 tatus
276 2648 332 2681 est
353 2646 584 2680 hunclocum
602 2645 830 2688 conscriptor

154 2688 239 2724 libri
270 2691 315 2726 de
345 2702 424 2744 rep
443 2690 712 2726 Lacedaemon.
737 2690 828 2724 111:

156 2731 317 2770 ἐπειδαν
348 2748 511 2789 ταχιστα
542 2734 580 2770 οἷ
610 2737 749 2775 παῖδες
782 2733 829 2769 τὰ

155 2779 342 2836 λεγόμενα
374 2781 572 2825 ξυνιῶσιν,
605 2778 728 2820 εὐθὺς
752 2793 823 2823 μεν

156 2820 217 2858 ἐπ’
245 2823 377 2866 αὐτοῖς
407 2825 680 2880 παιδαγωγοὺς
706 2816 823 2869 θερά-

154 2880 296 2910 ποντας
345 2869 564 2915 ἐφιστᾶσιν,
614 2867 737 2911 ευθύς
787 2868 828 2904 δὲ

900 1430 1118 1486 πέμπουσιν
1152 1431 1206 1472 εἰς
1234 1427 1479 1467 διδασκάλων
1503 1445 1574 1476 μα-

899 1475 1144 1521 θησομένους
1176 1477 1241 1511 καὶ
1274 1474 1478 1533 γράμματα
1509 1478 1573 1513 καὶ

901 1522 1090 1574 μουσικὴν
1115 1521 1181 1556 καὶ
1208 1520 1254 1556 τὰ
1282 1519 1322 1557 ἐν
1346 1525 1575 1567 παλαίστρᾳ.

945 1571 976 1603 5.
1010 1561 1128 1606 όπως
1161 1581 1217 1607 ως
1250 1566 1491 1618 βέλτιστος
1518 1569 1574 1611 -]

900 1612 1002 1657 Opus
1020 1613 1075 1646 est
1100 1609 1289 1655 ὡς,(111οά
1314 1612 1351 1646 in
1375 1612 1458 1646 filiis
1484 1612 1574 1646 edu—

899 1657 1026 1691 candis
1056 1668 1166 1691 nemo
1198 1668 1308 1692 sanus
1340 1668 1383 1692 eo
1416 1658 1574 1701 spectat,

901 1703 943 1736 ut
968 1712 1093 1736 omnes
1120 1702 1212 1735 alios
1231 1702 1368 1737 virtute
1385 1703 1573 1746 superent,

901 1757 996 1790 quae
1023 1757 1080 1780 res
1105 1747 1205 1790 apud
1230 1748 1391 1789 veteres,
1425 1748 1468 1780 ut
1491 1747 1575 1780 Ari-

901 1791 1015 1825 stides
1047 1793 1179 1833 sensit,
1211 1803 1257 1826 ne
1289 1791 1456 1835 periculo
1494 1791 1573 1833 qui-

900 1836 984 1871 dem
1015 1847 1134 1871 vacua
1164 1838 1261 1880 erat,
1291 1836 1356 1872 sed
1387 1837 1429 1871 ut
1459 1847 1574 1880 quam

901 1882 1034 1926 optimi
1079 1882 1170 1916 fiant
1209 1883 1248 1917 et
1287 1883 1468 1924 quantum
1508 1893 1576 1926 per

903 1937 1030 1961 eorum
1047 1926 1209 1961 indolem
1226 1927 1325 1970 licet,
1351 1927 1489 1961 virtute
1515 1938 1574 1961 or-

899 1973 1046 2006 nentur.
1071 1971 1139 2006 Vel
1156 1972 1352 2006 Persarum
1370 1983 1433 2006 rex
1460 1983 1573 2006 eunu-

900 2017 988 2051 chos
1006 2016 1140 2059 quibus
1167 2027 1300 2061 corpus
1324 2016 1389 2050 filii
1415 2017 1461 2051 ab
1488 2018 1573 2052 ortu

899 2062 1058 2096 recentis
1076 2062 1280 2096 curandum
1298 2061 1483 2114 tradebat,
1503 2062 1575 2096 ius-

900 2106 949 2141 sit
973 2107 1246 2163 μηχανᾶσθαι,
1272 2100 1373 2145 ὅπως
1398 2101 1457 2141 ότι
1482 2106 1573 2140 κάλ-

899 2155 1022 2192 λιστος
1048 2151 1153 2187 ἐσται
1178 2151 1314 2195 (Alcib
1333 2151 1483 2194 Ip.121
1504 2151 1573 2191 1));

901 2197 1004 2231 Conf.
1015 2196 1182 2248 Euripid.
1188 2193 1288 2231 Med.
1300 2208 1332 2230 v.
1343 2200 1425 2231 289:
1442 2196 1510 2241 χρὴ
1533 2192 1572 2231 δ’

901 2239 1057 2282 οὔποθ’,
1085 2237 1186 2281 όστις
1210 2240 1407 2292 ἀρτίφρων
1422 2238 1570 2298 πέφυκ’

899 2284 997 2330 ἀνὴρ
1025 2287 1180 2326 Παῖδας
1202 2285 1388 2339 περισσῶς
1415 2284 1573 2322 ἐκδιδά-

899 2333 1062 2366 σκεσθαι
1088 2328 1243 2387 σοφούς.

944 2380 976 2410 9.
1015 2389 1067 2411 τα
1109 2375 1191 2429 μὲν
1235 2377 1376 2428 ποιει]
1421 2375 1487 2409 int
1526 2373 1571 2411 τοὶ

900 2422 1035 2456 δίκαια
1054 2423 1117 2457 καὶ
1135 2417 1196 2475 13⁶.-
1201 2418 1299 2455 nocta
1319 2421 1385 2455 καὶ
1403 2435 1449 2455 τα
1467 2416 1567 2456 ὅσια.

898 2479 959 2545 οξ
970 2465 1048 2546 ’ῗέω
1061 2463 1196 2555 ‘3235‘
1202 2463 1348 2544 ”32:03
1359 2466 1439 2544 ἰῖιῗῖ
1443 2466 1570 2554 ⁷⁷.².1⁰“].

899 2560 962 2590 311
990 2556 1021 2590 D
1047 2558 1190 2598 notata,
1219 2555 1284 2590 sed
1309 2555 1343 2589 h.
1369 2554 1394 2590 l.
1421 2555 1496 2589 alia
1521 2555 1572 2589 el—

898 2600 1001 2645 lipsis
1037 2601 1132 2636 ratio
1169 2602 1207 2635 et
1243 2599 1471 2643 cogitatione
1508 2599 1571 2643 ad:

899 2645 1063 2680 <lendum
1099 2647 1154 2681 est
1190 2646 1250 2680 vel
1286 2646 1401 2689 ἀρκεῖ
1431 2644 1491 2679 vel
1529 2644 1572 2680 εὐ

901 2689 979 2735 ἔχει
1004 2691 1066 2726 vel
1090 2691 1201 2726 τοῦτο
1228 2686 1403 2735 ἄριστον,
1437 2690 1570 2732 quibus

899 2736 1123 2779 posteriores
1142 2736 1275 2771 Graeci
1292 2735 1407 2770 talem
1432 2745 1478 2779 ap
1483 2734 1570 2770 odo-

895 2780 951 2814 sin
977 2781 1183 2834 exprimere
1209 2781 1342 2816 solent.

946 2829 996 2860 11.
1045 2824 1176 2861 Meto}
1219 2824 1267 2861 δὲ
1310 2837 1454 2861 ταυτα
1503 2823 1570 2864 εἰς

901 2871 988 2905 διδ.
1021 2870 1170 2916 πέμπ]
1205 2871 1332 2906 Omnis
1368 2869 1570 2904 liberorum
