1907 3230
696 158 759 193 AD
785 157 1135 196 PROTAGORAM.
1565 162 1616 203 19

307 258 510 300 Socrates
555 259 615 301 ita
652 273 676 300 a
714 258 935 312 proposito
975 258 1172 313 depulsus
1209 258 1290 300 hac
1329 259 1616 314 disputatione

192 315 341 357 relicta
378 315 633 357 firmioribus
669 315 931 378 argumentis
955 315 1222 378 Protagorae
1261 316 1517 357 sententiam
1554 332 1618 358 re-

193 371 341 413 fellere
372 375 562 413 conatur.
625 370 874 413 Sciscitatur
904 371 1037 425 igitur
1062 385 1112 412 ex
1141 385 1203 423 eo,
1235 385 1289 412 an
1320 386 1445 413 omne
1473 373 1619 415 iucun-

193 427 293 469 dum
344 428 472 469 etiam
517 428 673 469 bonum
720 427 797 480 sit,
848 430 890 467 et
934 442 989 468 an
1029 427 1122 481 ipsa
1167 427 1408 469 iucunditas
1453 443 1529 483 per
1574 444 1617 471 se

196 486 388 538 spectata-
418 484 530 525 bona
562 484 723 524 censeri
754 485 893 537 queat.
954 482 1189 525 Dubitante
1221 487 1363 525 autem
1394 485 1482 535 illo,
1516 500 1616 539 quo-

192 540 318 582 modo
350 541 400 581 de
430 540 510 581 hac
539 554 585 580 re
615 539 887 580 iudicandum
920 540 996 593 sit,
1036 540 1299 594 voluptatem
1331 541 1398 582 vel
1429 541 1617 583 iucundi-

191 600 324 638 tatem
364 610 441 650 per
470 610 514 637 se
544 596 701 637 bonam
733 610 823 637 esse
854 596 1033 650 ideoque
1064 597 1117 637 ab
1148 596 1344 637 omnibus
1375 599 1520 651 appeti
1552 613 1616 639 so-

191 653 278 694 lere
301 653 498 706 deinceps
520 652 600 694 hac
622 653 994 706 argumentatione
1016 653 1166 694 docere
1188 653 1390 695 instituit.
1429 654 1616 696 Scientia

191 724 277 750 una
299 711 373 759 est,
396 708 550 762 inquit,
573 709 764 749 omnium
785 709 1064 763 cupiditatum
1083 711 1327 750 nostrarum
1345 710 1616 764 moderatrix,

196 765 387 819 adeoque
431 765 672 805 universam
716 765 828 819 regit
873 780 920 806 ac
958 766 1170 820 gubernat
1208 766 1431 807 hominum
1470 767 1615 807 vitam.

191 820 284 869 Qua
315 821 385 875 qui
417 821 573 872 utitur,
613 821 671 875 is,
709 835 839 875 quum
871 822 982 862 bona
1014 825 1057 863 et
1086 821 1198 862 mala
1228 823 1358 875 probe
1391 823 1614 876 discernat,

193 891 217 918 a
248 877 367 918 nulla
398 891 442 918 re
474 877 744 931 superabitur
775 880 847 918 aut
877 878 1082 925 vincetur,
1116 877 1273 932 quippe
1304 878 1413 920 nihil
1437 879 1615 931 faciens,

191 933 277 974 nisi
321 933 432 987 quod
471 934 648 975 scientia
685 934 778 974 fieri
816 934 971 975 iubeat.
1034 934 1194 982 Quodsi
1232 935 1504 988 reperiuntur
1545 937 1616 990 qui

190 1004 234 1031 se
274 989 417 1030 dicant
454 1004 540 1030 non
580 990 689 1044 quod
726 991 881 1031 bonum
918 993 999 1044 est,
1047 991 1148 1031 licet
1182 990 1286 1031 illud
1322 992 1613 1054 cognoverint,

191 1046 406 1110 amplecti,
439 1046 510 1086 sed
542 1061 566 1086 a
598 1046 887 1100 voluptatibus
919 1047 1057 1088 victos
1088 1046 1140 1087 ad
1173 1047 1257 1087 alia
1288 1050 1430 1088 omnia
1463 1049 1613 1102 abripi,

188 1103 219 1143 ii
263 1104 309 1142 in
355 1116 513 1156 magno
556 1106 780 1144 versantur
830 1103 1046 1156 opinionis
1087 1117 1237 1144 611.016
1297 1103 1471 1145 Etenim
1511 1119 1616 1159 quae

189 1158 372 1199 iucunda
402 1160 513 1211 sunt,
547 1173 594 1199 ea
620 1173 704 1199 non
728 1161 965 1213 propterea,
996 1160 1141 1222 quod
1131 1174 1174 1200 111
1194 1161 1409 1213 praesenti
1434 1161 1616 1201 afferunt

189 1214 465 1268 voluptatem,
498 1215 610 1256 111313
640 1217 862 1269 putantur,
893 1217 963 1256 sed
997 1215 1096 1269 quia
1127 1215 1271 1256 futuro
1304 1219 1496 1270 tempore
1526 1231 1614 1257 ma-

191 1271 282 1311 iora
312 1270 424 1311 mala
454 1270 650 1311 videntm
681 1270 881 1312 allatura:
915 1272 1182 1334 vicissimque
1206 1272 1315 1312 bona
1336 1286 1430 1313 cum
1454 1273 1611 1314 doloris

192 1327 422 1368 acerbitate
454 1326 680 1368 coniuncta
710 1332 952 1381 propterea,
984 1327 1095 1382 quod
1116 1330 1157 1367 in
1182 1329 1399 1381 praesenti
1422 1329 1611 1370 dolorem

187 1383 424 1424 admixtum
454 1382 627 1437 habent,
659 1383 812 1424 acerba
844 1384 1014 1438 quidem
1046 1384 1332 1438 appellantur,
1369 1385 1442 1426 sed
1465 1385 1612 1427 eadem

186 1442 331 1480 tamen
362 1453 439 1493 pro
471 1439 593 1480 bonis
624 1439 855 1492 habentur,
897 1440 932 1481 si
962 1441 1007 1481 in
1038 1442 1257 1494 posterum
1289 1455 1507 1495 speramus
1539 1456 1614 1496 per

186 1495 262 1536 illa
300 1495 496 1537 effectum
534 1496 586 1536 iri
626 1496 828 1536 maiorem
866 1496 1097 1551 voluptatis
1129 1511 1179 1538 ac
1209 1497 1486 1539 iucunditatis
1518 1512 1614 1539 sen-

187 1566 293 1593 sum.
356 1551 641 1606 Quaecunque
688 1552 819 1607 igitur
860 1552 971 1594 bona
1009 1558 1083 1594 aut
1120 1554 1233 1594 mala
1271 1557 1516 1605 censentur,
1565 1569 1614 1596 ea

186 1608 329 1650 metiri
359 1608 541 1650 solemus
572 1609 837 1662 voluptatum
871 1612 944 1650 aut
975 1610 1191 1662 dolorum,
1233 1610 1484 1664 quibuscum
1517 1625 1613 1652 con-

185 1665 331 1706 iuncta
368 1666 486 1716 sunt,
532 1665 826 1720 magnitudine
866 1666 932 1706 vel
969 1667 1198 1720 parvitate,
1251 1667 1437 1721 adeoque
1477 1668 1613 1721 ipsam

186 1721 470 1775 voluptatem,
510 1722 545 1761 si
583 1721 784 1762 maiorem
816 1721 952 1762 aufert
982 1736 1104 1776 quam
1140 1723 1263 1763 affert
1293 1724 1612 1777 iucunditatem,

186 1777 343 1818 malum
375 1777 650 1828 arbitramur,
691 1780 817 1830 atque
850 1781 998 1819 contra
1029 1778 1219 1820 dolorem
1252 1779 1432 1831 bonum,
1475 1781 1511 1820 si
1542 1793 1613 1820 vo-

186 1833 395 1888 luptatem
434 1833 664 1874 acerbitate
705 1848 782 1874 sua
820 1833 948 1875 habet
977 1835 1194 1878 maiorem
1255 1834 1320 1875 Ex
1352 1849 1435 1889 quo
1469 1849 1615 1877 conse-

190 1890 334 1943 quitur
355 1903 500 1930 omnes
522 1890 696 1930 omnino
718 1889 981 1943 voluptatem
1002 1894 1208 1945 tanquam
1230 1891 1388 1932 bonum
1406 1896 1611 1956 perpetuo

188 1946 439 2000 consectari,
471 1945 658 1986 dolorem
690 1949 737 1987 ut
766 1946 927 1987 malum
957 1948 1156 1988 aversari.
1191 1972 1240 1977 —-
1274 1947 1392 1989 Haec
1413 1954 1553 1989 autem
1577 1949 1612 1989 si

186 2017 286 2044 vera
317 2005 429 2055 sunt,
464 2002 690 2043 ridiculum
722 2005 788 2043 est
809 2002 947 2043 dicere
970 2004 1200 2057 hominem,
1232 2003 1333 2045 licet
1354 2005 1465 2045 mala
1488 2019 1612 2059 saepe

186 2061 436 2113 cognoscat,
474 2060 620 2099 tamen
651 2073 700 2100 ea
731 2059 892 2111 facere,
933 2074 1063 2113 quum
1094 2074 1180 2101 non
1210 2059 1350 2101 130616
1382 2060 1527 2113 liceat,
1571 2065 1613 2102 et

185 2115 394 2165 vicissim,
435 2114 534 2155 licet
573 2117 806 2169 cognoscat
836 2115 971 2168 bona,
1010 2119 1154 2158 tamen
1186 2131 1235 2157 ea
1266 2116 1464 2170 amplecti
1496 2117 1610 2158 nolle

182 2173 358 2225 propter
402 2171 689 2224 praesentium
736 2171 1005 2225 voluptatum
1043 2174 1127 2213 vim
1170 2175 1211 2213 et
1251 2173 1607 2227 magnitudinem.

184 2226 298 2268 Nam
330 2241 459 2281 quum
490 2226 738 2282 voluptas
761 2241 856 2281 per
875 2241 925 2269 se
955 2228 1067 2269 bona
1096 2230 1166 2282 sit,
1200 2229 1235 2269 is
1258 2229 1328 2283 qui
1324 2206 1477 2280 ἰ3111313,
1510 2244 1610 2284 qua-

185 2286 311 2325 tenus
349 2283 463 2324 mala
503 2286 620 2337 sunt,
667 2299 741 2325 sua
778 2286 931 2337 sponte
969 2284 1118 2339 faciat,
1165 2285 1287 2326 bonis
1326 2286 1609 2328 succumbens

186 2340 296 2381 male
325 2340 467 2382 facere
498 2338 691 2382 videatur
720 2353 892 2381 necesse
923 2341 1018 2393 erit,
1050 2341 1093 2382 id
1125 2341 1236 2396 quod
1265 2356 1340 2395 per
1371 2345 1435 2383 est
1465 2344 1609 2384 absur-

186 2397 299 2438 dum.
359 2396 508 2451 Itaque
547 2398 658 2451 quod
697 2396 826 2450 vulgo
865 2400 1020 2438 vocant
1051 2398 1396 2440 succumbere
1428 2399 1608 2462 volup-

183 2453 418 2506 tatibus,
452 2453 518 2494 vel
549 2453 608 2494 ab
639 2453 756 2493 illis
788 2454 947 2506 vmci,
979 2454 1022 2495 id
1052 2454 1160 2495 nihil
1191 2459 1255 2495 est
1282 2454 1395 2495 aliud
1426 2455 1510 2495 nisi
1531 2469 1608 2509 pro

184 2509 417 2550 maioribus
447 2509 572 2550 bonis
603 2509 764 2550 maiora
790 2508 902 2549 mala
924 2524 1100 2564 311111616,
1132 2513 1174 2552 et
1195 2511 1365 2564 quidem
1387 2511 1609 2565 deceptum

186 2565 400 2620 opinionis
448 2580 600 2607 errore.
661 2566 828 2620 Quippe
874 2564 917 2605 in
967 2567 1173 2622 eligendis
1220 2567 1341 2608 bonis
1380 2566 1609 2620 plurimum

183 2621 334 2675 refert,
375 2626 423 2663 ut
461 2636 601 2663 rerum
638 2623 917 2663 iucundarum
957 2626 999 2664 et
1035 2623 1359 2664 iniucundarum
1398 2624 1608 2664 rationem

184 2677 310 2733 plane
330 2682 597 2732 perspectam
627 2679 876 2730 habeamus,
910 2691 994 2731 qua
1026 2681 1270 2735 cognitione
1292 2680 1363 2733 qui
1385 2683 1545 2729 carent,
1576 2680 1606 2720 ii

184 2734 275 2775 fieri
312 2749 401 2776 non
438 2738 579 2789 potest
616 2736 717 2790 quin
757 2735 800 2775 in
841 2735 1031 2777 fraudem
1070 2742 1113 2777 et
1151 2750 1334 2777 errorem
1373 2736 1605 2777 incurrant.

185 2789 394 2838 Quocirca
424 2792 643 2833 scientiam
677 2794 855 2855 apparet
876 2791 1092 2846 voluptate
1115 2807 1205 2833 esse
1226 2791 1360 2833 multo
1381 2794 1605 2846 potiorem,

186 2847 342 2901 quippe
380 2862 486 2902 quae
524 2862 671 2890 omnes
701 2848 890 2890 actiones
922 2850 1090 2890 nostras
1120 2849 1444 2903 universamque
1475 2849 1607 2890 vitam

1290 2917 1336 2949 2*
