1907 3230
576 157 909 193 PROTAGORAS.
935 159 974 196 P.
1000 162 1065 194 326
1090 159 1157 194 ST.
1521 163 1575 205 95

157 258 317 312 βελτίω
349 259 523 311 ἔχοντες
554 255 806 313 ὑπηρετῶσι
836 261 890 313 τῇ
920 259 1097 314 διανοίᾳ
1134 262 1303 315 χρηστῇ
1334 259 1468 316 οὔσῃ,
1501 263 1574 304 καὶ

156 323 213 379 μὴ
246 322 580 377 ἀναγκάζωνται
611 323 869 367 ἀποδειλιᾶν
900 325 974 367 διὰ
1003 325 1085 379 τὴν
1115 330 1338 381 πονηρίαν
1368 335 1459 370 τῶν
1481 339 1570 371 σω-
1588 331 1615 366 C

155 389 308 446 μάτων
339 391 413 432 καὶ
445 392 496 434 ἐν
526 398 616 441 τοῖς
646 392 854 446 πολέμοις
885 393 960 434 καὶ
992 393 1041 434 ἐν
1071 400 1166 442 ταῖς
1196 391 1351 444 ἄλλαις
1373 394 1572 450 πράξεσι.

156 459 231 500 καὶ
260 461 396 500 ταῦτα
427 461 637 500 ποιοῦσιν
676 459 725 500 οί
748 457 938 512 μάλιστα
969 459 1215 513 δυνάμενοι
1245 462 1454 515 μάλιστα·
1494 464 1574 516 μά-

120 538 136 565 5
161 528 289 568 λιστα
320 526 369 568 δὲ
401 526 619 568 δύνανται
649 526 696 567 οἱ
721 527 1062 580 πλουσιώτατοι,
1094 527 1168 570 καὶ
1199 528 1246 569 oc
1270 528 1442 570 τούτων
1464 530 1575 579 υἱεῖς

154 595 430 647 πρωιαίτατα
469 593 530 642 εἰς
567 593 855 634 διδασκάλων
894 597 971 648 τῆς
1000 593 1175 649 ἡλικίας
1205 593 1445 650 ἀρξάμενοι
1476 612 1571 650 φοι-

153 663 238 701 τᾶν
269 659 504 710 ὀψιαίτατα
534 656 905 703 ἀπαλλάττονται.
963 657 1167 703 Ἐπειδὰν
1199 662 1246 704 δὲ
1280 662 1329 704 ἐκ
1361 664 1572 706 διδασκά-

154 730 247 770 λων
278 726 611 781 ἀπαλλαγωσιν,
642 724 668 781 ἡ
701 725 830 776 πόλις
860 720 918 769 αὖ
948 730 1053 778 τούς
1082 744 1128 771 τε
1150 730 1317 782 νόμους
1339 728 1573 783 ἀναγκάζει

152 794 406 848 μανθάνειν
437 795 511 835 και
542 794 653 836 κατὰ
677 795 865 844 τούτους
882 796 1010 850 ζῆν,
1000 796 1070 837 ι’να
1091 794 1150 850 μὴ
1172 794 1300 838 αὐτοι
1323 795 1396 851 ἐφ’
1420 794 1568 839 αὐτῶν
1593 801 1625 835 D

99 876 132 902 10
157 863 255 917 εἰκῇ
294 861 566 916 πράττωσιν,
606 859 705 903 ἀλλ’
745 861 937 917 ἀτεχνῶς
975 861 1123 916 ὥσπερ
1163 863 1211 905 οῖ
1247 866 1573 919 γραμματισταὶ

152 936 242 978 τοῖς
279 929 410 984 μήπω
450 930 615 979 δεινοῖς
651 929 848 984 γράφειν
885 933 977 971 τῶν
1015 931 1190 972 παίδων
1228 929 1573 985 ὑπογράψαντες

265 1045 297 1076 4.
323 1039 368 1076 οἷ
391 1041 593 1084 μάλιστα
620 1043 881 1095 δυνάμενοι
907 1043 1121 1093 μάλιστα]
1146 1043 1246 1077 Libri
1273 1041 1311 1078 οἵ
1334 1043 1388 1086 (Β.
1414 1043 1474 1087 οὐ)
1499 1042 1571 1087 μά-

152 1089 259 1121 λιστα
292 1085 515 1131 δυνάμενοι.
562 1087 733 1122 Alterum
766 1085 930 1131 μάλιστα
962 1099 1006 1122 ex
1032 1087 1236 1123 Heindorfii
1267 1087 1480 1123 coniectura
1505 1089 1569 1122 ad-

151 1131 281 1173 ditum,
309 1132 373 1174 qui
398 1134 514 1166 recte:
543 1131 651 1174 Quid,
676 1132 808 1176 inquit,
834 1132 899 1175 qui
922 1144 995 1167 non
1012 1143 1098 1177 poss
1083 1135 1168 1167 sunt
1186 1134 1306 1177 magis
1325 1143 1436 1176 quam
1456 1134 1570 1168 ceteri

151 1175 362 1226 (μάλιστα),
388 1188 476 1211 num
501 1177 622 1211 facere
647 1177 844 1222 negligunt
867 1181 1042 1222 prorsus?
1090 1178 1168 1212 Hoc
1194 1178 1318 1212 dicens
1344 1178 1570 1221 Protagoras

149 1232 254 1256 suam
279 1233 359 1265 ipse
385 1221 748 1265 argumentationem
767 1223 1046 1272 labefactasset
1084 1222 1132 1256 Et
1151 1223 1263 1257 vertit
1279 1223 1440 1257 Ficinus:
1467 1222 1570 1257 Haec

149 1276 283 1310 nempe
309 1266 510 1301 observant
534 1277 694 1301 maxxme
718 1267 762 1308 ii,
790 1267 854 1310 qui
877 1267 1038 1301 maxime
1062 1270 1229 1311 possunt.
1303 1271 1332 1303 7.
1366 1265 1414 1301 ἐκ
1449 1268 1570 1301 omitti

149 1310 227 1345 vult
245 1310 364 1345 Cobet
386 1321 594 1363 provocans
619 1311 665 1345 ad
685 1311 798 1355 Gorg.
763 1323 852 1356 gr.p
870 1316 935 1347 514
953 1312 992 1353 C,
1017 1313 1081 1346 sed
1098 1312 1258 1356 positum
1278 1314 1333 1347 est
1351 1312 1397 1346 ob
1414 1323 1570 1356 praece-

149 1355 240 1390 dens
266 1354 332 1396 εἰς
366 1353 624 1410 διδασκάλων,
655 1366 700 1390 ex
714 1367 798 1408 quo
825 1357 873 1390 ad
898 1338 1183 1391 ἀπαλλάττονται
1209 1356 1329 1392 intelli
1359 1358 1496 1391 endum
1522 1354 1568 1392 ἐκ

150 1399 394 1435 διδασκάλων
442 1404 473 1435 9.
498 1399 618 1436 κατὰ
644 1399 838 1441 τούτους
863 1402 959 1445 ζῆν;
987 1401 1044 1435 his
1065 1401 1253 1436 adduntur
1277 1402 1315 1436 in
1353 1402 1444 1436 ibris
1471 1401 1570 1437 κατὰ

148 1441 414 1525 παράδειγμα,
440 1456 535 1489 quae
561 1445 722 1481 delenda
753 1456 831 1481 esse
857 1446 952 1480 vidit
978 1445 1130 1480 Schanz.
1158 1447 1306 1480 videtui
1331 1449 1456 1481 autem
1481 1457 1568 1497 pro-

148 1501 256 1524 nmis
362 1491 457 1525 tonis
494 1491 634 1533 verbis,
671 1491 805 1535 quibus
843 1491 1054 1535 exemplum
1076 1493 1283 1536 profertur,
1310 1491 1429 1536 primo
1456 1492 1568 1525 ascri-

147 1537 276 1578 ptum:
302 1533 559 1591 παράδειγμα,
584 1535 696 1579 idque
721 1538 863 1580 postea,
887 1537 952 1570 ubi
977 1536 1062 1570 libri
1087 1536 1283 1579 exhibent,
1310 1547 1393 1570 cum
1410 1547 1568 1581 praepo-

150 1580 284 1615 sitione
310 1580 428 1625 κατοὶ,
456 1591 552 1624 quae
577 1593 615 1615 111
642 1580 834 1638 vicinitate
860 1582 951 1624 erat,
977 1580 1157 1615 insertum
1183 1592 1272 1616 esse.

193 1686 223 1716 6.
274 1680 339 1721 εἰς
389 1680 686 1716 διδασκάλων
743 1684 823 1726 τῆς

145 1722 169 1771 ἡ
183 1729 223 1761 λι
237 1740 258 1761 κ
268 1729 284 1761 ι’
292 1740 315 1760 α
326 1726 355 1770 ς]
396 1726 623 1781 Protagoras
649 1726 821 1761 omittere

146 1771 332 1815 potuisset
366 1772 434 1816 τῆς
469 1768 634 1822 ἡλικίας,
674 1772 703 1805 si
734 1783 823 1806 vera

148 1817 270 1851 essent
281 1844 289 1860 ‚
343 1826 439 1861 quae
488 1816 635 1861 scripsit
687 1816 821 1851 Pollux

892 1687 980 1718 πεῖν
1005 1682 1055 1738 τῷ
1083 1682 1311 1734 βουλομένῳ.
1330 1682 1569 1763 Ηειτρορξεῖἷ.

892 1724 1256 1810 ἒυὲωονῖῗῖᾱίξὲ
1277 1739 1428 1806 Iglgffiige
1453 1737 1569 1816 igitur

890 1816 978 1851 illae
1004 1817 1106 1862 leges
1131 1817 1343 1861 propositae
1369 1820 1491 1860 erant,
1529 1819 1569 1851 ut

147 1861 276 1896 Onom.
295 1865 325 1903 1,
341 1865 399 1896 69:
427 1861 465 1896 τὸ
488 1862 728 1917 πρωιαίτατα
755 1862 820 1896 καὶ

147 1902 358 1960 ὀψιαίτατα
385 1904 455 1941 οὐκ
481 1903 542 1941 ἐπὶ
583 1904 726 1950 ἡμέρας
758 1906 820 1950 μέ-

147 1963 235 2005 ρους
260 1947 342 1985 ἀλλ’
372 1948 434 1986 ἐπὶ
461 1948 599 1996 χρόνου
610 1951 820 2006 λέγεται..

146 2009 195 2036 ως
221 1993 282 2031 ἐπὶ
308 1997 382 2030 τῶν
408 2010 443 2031 τι
473 1995 716 2048 πραττόντων
749 1993 821 2039 πρὸ

146 2042 282 2084 καιροῦ
316 2037 340 2085 ἢ
364 2053 459 2084 μετα
485 2038 631 2085 καιρὸν
658 2041 724 2075 sed
749 2042 822 2075 vid.

145 2085 285 2120 Phaed.
301 2097 335 2130 p.
347 2090 388 2120 59
403 2085 431 2119 E
452 2087 490 2120 et
502 2086 549 2120 ad
566 2097 602 2141 p.
617 2085 720 2121 343E
736 2096 820 2120 ann.

193 2134 223 2168 8.
264 2128 287 2174 ἡ
329 2128 463 2171 πόλις
496 2151 536 2156 -
566 2128 823 2175 ἀναγκάζει

146 2172 432 2226 μανθάνειν]
481 2176 593 2220 Apud
633 2175 822 2211 111-1061166

145 2231 288 2255 momos
319 2220 488 2264 quidem,
526 2231 685 2263 quorum
721 2221 822 2266 leges

145 2264 390 2352 43355130231?
389 2277 411 2299 ¹¹
429 2248 821 2345 ἕξὲῬᾶἓθιΞῗῗἫέιῗ

145 2356 328 2391 niensium
385 2366 473 2390 cura
518 2354 670 2400 publica
715 2355 818 2395 nihil,

147 2401 247 2443 quod
288 2401 418 2443 sciam,
467 2400 617 2435 aliunde
664 2401 817 2435 constat.

147 2445 233 2480 Solo
258 2445 336 2490 ipse
361 2445 459 2490 apud
486 2445 687 2479 Lucianum
706 2445 819 2487 (Ana.-

147 2491 262 2525 chars.
285 2501 314 2524 0.
330 2494 387 2531 22)
414 2490 575 2534 Scythae
601 2489 655 2523 illi
680 2481 819 2543 hospiti

146 2536 253 2570 dicit:
286 2534 532 2592 ῥυθμίζομεν
566 2533 633 2574 τὰς
666 2533 818 2589 γνώμας

146 2581 234 2624 (τῶν
251 2579 374 2637 νέων),
400 2579 540 2624 νόμους
559 2593 597 2614 τε
623 2579 726 2620 τοὺς
735 2593 816 2614 κοι-

146 2625 236 2666 νοὺς
255 2615 560 2679 ἐκδιδάσκοντες,
588 2624 624 2659 οι
650 2626 816 2670 δημοσία

146 2671 239 2705 πᾶσι
265 2668 486 2723 πρόκεινται
519 2653 821 2726 ἀναγιγνώσκειν

146 2714 326 2767 μεγάλοις
344 2714 560 2760 γράμμασιν
583 2729 821 2769 αναγεγραμ-

147 2759 267 2804 με’νοι.
315 2759 819 2801 Α11ἀο01(1.ο1·.184·τούς

147 2804 406 2859 κυρουμένους
443 2805 517 2840 τῶν
561 2804 687 2850 νόμων
729 2803 818 2840 ἀνα-

150 2846 313 2893 γράφειν
340 2850 392 2890 εἰς
424 2848 490 2886 τὸν
522 2856 678 2895 τοῖχον.
703 2862 817 2886 .σκο-

893 1861 983 1896 disci
1026 1864 1201 1912 possent;
1240 1864 1278 1896 et
1313 1861 1564 1904 discebantur,

892 1907 981 1949 quia
1012 1919 1042 1941 si
1078 1906 1181 1957 cuius
1217 1906 1409 1956 scientiam
1446 1906 1566 1951 fugie-

892 1951 1000 1994 bant,
1035 1952 1098 1996 qui
1129 1953 1184 1986 sui
1215 1951 1304 1986 iuris
1334 1953 1449 1992 esset,
1482 1962 1567 1985 cum

892 1996 1058 2041 imperiti
1093 1996 1327 2031 incommodo
1360 1996 1397 2030 id
1428 1997 1566 2030 factum

893 2044 960 2084 est,
988 2054 1019 2076 v.
1048 2042 1219 2076 Aeschin.
1245 2052 1296 2077 or.
1327 2045 1354 2083 1,
1383 2045 1436 2077 18.

937 2112 968 2143 9.
1002 2105 1135 2160 αυτ-οὶ
1167 2106 1236 2153 ἐφ’
1273 2106 1425 2143 αὐτῶν
1459 2107 1564 2153 εἰκῇ

892 2154 975 2198 πρ.]
1009 2154 1099 2199 ipsi
1123 2165 1205 2197 per
1233 2165 1297 2207 se,
1323 2153 1475 2196 respicit
1501 2145 1564 2187 So-

893 2199 1004 2233 cratis
1044 2198 1158 2233 verba
1198 2195 1311 2234 αὐτοι
1351 2197 1567 2240 περιιόντες

892 2245 1074 2285 νέμονται
1092 2238 1215 2288 ὥσπερ
1235 2241 1384 2296 ἄφετοι,
1405 2240 1473 2278 ἐάν
1491 2255 1565 2278 που

892 2286 1102 2332 αὐτόματοι
1129 2301 1359 2333 περιτυχωσι
1384 2289 1429 2333 τῇ
1448 2284 1565 2334 ἀρετῇ

890 2346 925 2378 p.
951 2334 1084 2368 320A.
1110 2334 1155 2368 cf.
1181 2345 1216 2378 p.
1243 2333 1372 2369 3230.

938 2405 988 2435 11.
1023 2397 1385 2445 ὑπογράψαντες
1423 2413 1562 2444 γραμ-

889 2460 914 2489 μ
927 2444 950 2480 οὶ
962 2447 994 2490 ς]
1021 2446 1157 2480 Lineae
1175 2445 1463 2497 praeducuutur,
1490 2455 1563 2487 quo

889 2493 989 2526 recte
1007 2491 1189 2542 procedat
1213 2503 1306 2535 Scrlp
1310 2493 1410 2532 tura;
1441 2491 1494 2524 et:
1523 2492 1565 2523 ut

886 2536 993 2580 pueri
1009 2548 1046 2570 111
1063 2536 1190 2570 schola
1204 2536 1342 2571 directe
1357 2548 1384 2571 s.
1405 2535 1453 2568 ad
1473 2534 1563 2569 line

887 2591 946 2616 am
965 2582 1125 2616 scribere
1147 2581 1412 2623 iubentu1,ita
1430 2579 1467 2612 in
1486 2579 1565 2613 vita.

893 2636 988 2668 quae
1027 2628 1143 2672 agunt
1181 2626 1228 2661 ad
1265 2626 1297 2660 1(
1292 2626 1358 2660 cris
1393 2635 1562 2659 normam

891 2670 934 2705 iis
951 2671 1148 2715 dirigenda
1165 2672 1258 2705 sunt.
1293 2655 1343 2705 fit
1362 2672 1450 2714 δίκη
1467 2670 1561 2714 ipsa,

894 2727 1012 2770 quarn
1031 2717 1254 2761 Protagoras
1279 2716 1390 2760 paulo
1408 2718 1494 2759 post
1511 2714 1562 2748 di-

890 2761 940 2795 cit
971 2745 1179 2803 ευθύνειν,
1219 2761 1307 2795 alibi
1340 2761 1474 2795 dicitur
1507 2756 1562 2794 εὖ·

889 2807 983 2840 θεῖα
1008 2817 1034 2843 s.
1054 2805 1175 2849 ἰθεῖα,
1194 2807 1235 2840 ut
1260 2806 1410 2844 Hesiod
1428 2805 1559 2848 f.ragm

888 2854 952 2884 212
980 2851 1050 2893 (ed.
1066 2851 1281 2895 Marksch.).
1311 2853 1349 2886 εἴ
1369 2863 1409 2886 κε
1436 2849 1561 2884 πάθοι
