1939 3214
239 716 304 748 360

332 132 412 175 184
918 132 1156 168 PLATONIS

327 232 355 274 ἃ
384 233 430 275 οἵ
456 248 502 275 τε
534 233 674 275 δειλοὶ
706 235 910 287 ἔρχονται
941 233 1015 276 καὶ
1045 235 1092 276 οἱ
1119 233 1330 290 ἀνδρεῖοι.
1383 234 1544 279 αὐτίκα
1575 238 1637 288 εἰς
1668 236 1751 280 τὸν

328 300 523 355 πόλεμον
566 301 612 343 οἰ
645 300 728 355 μὲν
768 299 1007 344 ἐθέλουσιν
1045 302 1183 357 ἰέναι,
1227 303 1274 345 οἱ
1309 304 1357 345 δὲ
1394 302 1478 346 οὐκ
1519 304 1742 350 ἐθέλουσι.

327 368 546 422 Πότερον,
579 370 695 423 ε”φην
727 366 829 422 ἐγώ,
861 367 1002 411 καλὸν
1032 364 1086 412 ὂν
1118 371 1232 413 ἰέναι
1261 369 1289 426 ἢ
1327 370 1536 425 αἰσχρόν,
1576 373 1745 426 Καλόν,

329 436 426 490 ἔφη.
490 433 676 477 Οὐκοῦν
716 438 841 489 εἴπερ
882 436 1045 491 καλόν,
1085 437 1158 479 καὶ
1189 436 1365 492 ἀγαθὸν
1396 435 1747 494 ὡμολογήσαμεν

330 504 380 546 ἐν
402 510 493 553 τοῖς
523 505 798 558 ἔμπροσθεν,
831 498 907 553 τὰς
936 502 1021 558 γὰρ
1053 505 1191 554 καλάς
1221 505 1402 561 πράξεις
1431 504 1605 556 ἁπάσας
1635 505 1747 560 άγα-
1771 518 1792 545 ⁵

328 569 414 620 θάς
444 568 809 625 ω’μολογήσαμεν.
857 569 1023 625 Ἀληθῆ
1053 570 1209 626 λέγεις,
1241 573 1315 615 καὶ
1347 571 1415 615 άεῑ
1446 575 1595 628 ἔμοιγε
1626 575 1752 617 δοκεῖ

330 637 482 687 οὕτως.
542 636 709 692 Ὀρθῶς
745 653 817 691 γε,
858 639 973 692 ἔφην
1013 637 1113 693 ἐγώ.
1173 639 1286 682 ἀλλὰ
1323 642 1540 695 ποτέρους
1570 639 1658 697 φῂς
1688 642 1750 691 εἰς

329 704 407 746 τὸν
446 705 643 760 πόλεμον
681 702 764 746 οὐκ
796 704 972 748 ἐθέλειν
1011 706 1147 761 ἰέναι,
1186 706 1326 750 καλὸν
1357 705 1413 750 ὂν
1444 708 1520 750 και
1550 705 1746 762 άγαθόν;

336 771 450 823 Τοὺς
471 771 660 825 δειλούς,
691 765 718 828 ἦ
750 770 792 814 δ’
826 772 885 823 ὅς.
937 772 1137 827 Οὐκοῦν,
1169 769 1226 830 ἦν
1248 775 1292 816 δ’
1325 776 1429 830 ἐγώ,
1463 779 1588 830 εἰπερ
1609 774 1748 818 καλὸν

329 839 403 882 καὶ
434 838 624 895 ἀγαθόν,
656 840 729 882 καὶ
760 838 869 895 ἡδύ;
895 838 1189 897 Ὡμολόγηται
1219 846 1349 898 γοῦν,
1381 845 1479 898 ἔφη,
1535 838 1630 923 Ἆρ’
1662 859 1746 886 ουν
1764 855 1799 881 10

328 906 658 962 γιγνώσκοντες
679 908 725 949 οἱ
750 909 890 950 δειλοὶ
921 907 1003 952 οὐκ
1035 909 1276 952 ἐθέλουσιν
1308 909 1422 953 ἰέναι
1453 911 1526 953 ἐπὶ
1556 909 1605 953 τὸ
1638 912 1747 952 κάλ-

330 974 429 1016 λιόν
468 990 514 1017 τε
554 976 628 1017 καὶ
665 973 853 1030 ἄμεινον
892 977 966 1018 καὶ
1002 975 1154 1030 ἤδιον;
1198 975 1329 1019 Ἀλλὰ
1373 980 1447 1019 καὶ
1490 981 1623 1019 τοῦτο
1670 976 1749 1020 ἐὰν

331 1038 633 1097 ὁμολογῶμεν,
667 1044 776 1097 ἔφη,
817 1043 1157 1098 διαφθεροῦμεν
1188 1043 1266 1094 τὰς
1297 1046 1557 1100 ἔμπροσθεν
1588 1043 1749 1099 ὁμολο-

328 1111 438 1163 γίας.
506 1113 559 1152 Τί
603 1108 647 1151 δ’
694 1107 717 1152 ὁ
763 1109 990 1164 άνόρεῑοςς
1036 1109 1119 1153 οὐκ
1165 1112 1239 1154 ἐπὶ
1275 1110 1324 1154 τὸ
1363 1112 1551 1156 κάλλιόν
1588 1128 1635 1155 τε
1673 1114 1746 1154 καὶ

330 1175 516 1232 ἄμεινον
555 1178 629 1220 καὶ
672 1177 802 1233 ἥδιον
846 1180 1039 1233 ἔρχεται;
1084 1178 1295 1234 Ἀνάγκη,
1342 1182 1450 1234 ἔφη,
1496 1179 1745 1235 ὁμολογεῖν.
1765 1191 1801 1218 1⁵

285 1255 313 1289 B
336 1243 519 1287 Οὐκοῦν
550 1244 663 1295 ὅλως
693 1244 740 1287 οἱ
765 1243 965 1299 ἀνδρεῖοι
996 1244 1078 1288 οὐκ
1110 1247 1319 1301 αἰσχροὺς
1349 1247 1520 1302 φόβους
1551 1246 1749 1302 φοβοῦν-

330 1328 424 1366 ται,
471 1311 577 1354 ὅταν
621 1314 875 1368 φοβῶνται,
922 1311 1029 1356 οὐδὲ
1074 1313 1233 1369 αἰσχροὶ
1276 1315 1426 1371 θάρρη
1471 1317 1750 1370 θαρροῦσιν;

326 1378 508 1435 Αληθῆ,
542 1382 639 1435 ε”.φη
692 1381 750 1422 Εἰ
769 1381 819 1423 δὲ
848 1379 907 1436 μὴ
938 1382 1113 1436 αἰσχρά,
1146 1381 1219 1437 ἀρ’
1252 1381 1306 1425 οὐ
1337 1382 1471 1433 καλά;
1498 1381 1746 1437 Ὡμολόγει.

331 1449 389 1489 Εἰ
424 1448 473 1489 δὲ
511 1448 647 1502 καλά,
694 1447 768 1490 καὶ
813 1446 983 1502 ἀγαθά;
1030 1452 1133 1492 Ναί.
1198 1447 1380 1492 Οὐκοῦν
1419 1450 1494 1492 καὶ
1531 1450 1578 1492 οί
1612 1449 1750 1492 δειλοὶ

331 1515 405 1557 καὶ
444 1516 491 1557 οἱ
522 1520 702 1569 θρασεῖς
741 1516 815 1558 καὶ
855 1516 902 1558 οἱ
935 1518 1198 1572 μαινόμενοι
1235 1516 1505 1560 τούναντίον
1536 1517 1748 1572 αἰσχρούς
1763 1530 1799 1555 20

330 1599 376 1625 τε
420 1583 592 1637 φόβους
637 1585 886 1637 φοβοῦνται
936 1585 1011 1626 καὶ
1060 1583 1219 1639 αἰσχρὰ
1269 1585 1418 1640 θάρρη
1467 1587 1748 1639 θαρροῦσιν;

325 1649 573 1706 Ὡμολόγει.
637 1653 864 1706 Θαρροῦσι
902 1652 951 1694 δὲ
989 1650 1042 1694 τὰ
1081 1651 1240 1706 αἰσχρά
1281 1652 1352 1694 καὶ
1391 1652 1505 1694 κακοὶ
1547 1650 1605 1694 δι’
1637 1650 1753 1693 ἄλλο

447 1801 476 1835 7.
503 1795 588 1842 φῂς
616 1796 682 1837 εἰς
708 1797 947 1851 apographa:
982 1795 1119 1842 φήσεις
1145 1797 1230 1834 B'l.
1306 1802 1356 1834 11.
1395 1795 1441 1834 τὸ
1475 1795 1673 1833 κάλλιόν
1704 1811 1752 1833 τε

334 1841 396 1877 Ste
427 1834 563 1876 hanus'.
591 1841 632 1877 τὸ
659 1840 775 1877 καλόν
801 1856 841 1878 τε
866 1843 948 1886 ΒΤ,
975 1843 1048 1878 vid.
1077 1843 1123 1877 ad
1150 1826 1287 1880 Criton.
1312 1855 1347 1888 p
1374 1844 1473 1886 540,
1499 1843 1687 1878 Phaedon.
1712 1855 1751 1888 p.

333 1891 375 1922 98
511 1891 564 1922 20.
597 1890 795 1932 θρασεῖς
826 1888 873 1923 Τ·
908 1891 1071 1931 θαρσεῑς
1096 1888 1137 1928 Β,
1170 1888 1236 1924 illa
1264 1889 1384 1923 forma
1408 1888 1548 1933 legitur
1573 1888 1686 1923 etiam
1712 1889 1751 1922 in

332 1933 413 1967 Par.
439 1933 470 1966 A
496 1933 541 1967 de
566 1901 680 1977 183.ρΙ
704 1944 738 1978 p.
758 1937 840 1968 630·
867 1935 940 1969 τῶν
965 1931 1271 1987 μισθοφόρων..
1294 1932 1333 1968 οἷ
1355 1937 1526 1968 πλεῖστοι
1553 1935 1754 1988 γίγνονται

333 1980 494 2022 θρασεῖς
520 1978 585 2012 καὶ
611 1976 743 2013 αὸικοι
768 1978 834 2013 καὶ
859 1976 1037 2024 ὑβρισταὶ
1063 1979 1128 2013 καὶ
1155 1974 1437 2032 ἀφρονέστατοι
1464 1979 1603 2022 σχεδὸν
1629 1976 1752 2013 ἁπάν-

333 2036 422 2066 των,
451 2022 657 2066 eodemque
687 2023 769 2058 loco
801 2024 1013 2058 declaratur
1042 2023 1135 2058 recti
1139 2024 1248 2058 ssime
1280 2022 1369 2064 τούς
1397 2026 1557 2065 θρασεῖς
1582 2023 1642 2058 hic
1668 2034 1752 2058 cum

332 2067 470 2102 insanis
495 2068 710 2102 coniunctos
728 2078 818 2110 esse,
844 2070 933 2111 quia
960 2069 1117 2112 utrique,
1142 2078 1225 2102 cum
1250 2068 1373 2109 timidi
1395 2067 1451 2112 (οἵ
1472 2069 1608 2113 δειλοὶ)
1633 2067 1754 2112 turpi-

333 2114 391 2148 ter
415 2114 594 2155 metuant,
620 2112 721 2157 turpi
745 2095 830 2148 sun⁷t
854 2113 1086 2149 confidentia.
1113 2113 1157 2151 cf.
1183 2124 1295 2158 supra
1319 2125 1355 2158 p.
1380 2118 1445 2149 350
1469 2113 1511 2148 B.

908 2248 1007 2282 vel-

898 2304 1008 2328 eam:

1077 2247 1260 2292 timore,
1287 2247 1324 2282 si
1342 2248 1520 2299 quando
1537 2247 1754 2290 timeant,

1078 2303 1225 2337 neque
1280 2293 1406 2338 turpi
1459 2291 1754 2328 confidentia,

1078 2339 1251 2382 repleti
1299 2340 1424 2373 sunt?
1485 2338 1579 2373 Sunt
1624 2338 1753 2382 igitur,

382 2251 411 2282 1.
439 2244 607 2282 αὖτίκα
635 2247 700 2288 εἰς
725 2244 804 2282 τὸν
828 2246 888 2328 σιξ)

335 2292 420 2335 uti,
451 2303 503 2327 ne
534 2293 606 2327 lon
649 2303 667 2327 e
699 2293 802 2327 hinc
835 2304 857 2327 a,

336 2348 374 2372 so
401 2337 655 2382 z.B.g1eio.
705 2337 790 2372 Mox
816 2336 936 2373 καλὸν
962 2334 1008 2373 ὅν

336 2383 408 2418 est:
434 2392 566 2426 quum
589 2383 832 2428 pulchrum
858 2383 926 2418 sit.

380 2449 412 2479 4.
452 2444 531 2479 καὶ
573 2441 759 2489 ἀγαθὸν
800 2443 1007 2490 ὡμολογ]

336 2502 371 2535 p.
397 2489 528 2525 35813.

383 2556 414 2589 9.
449 2548 653 2594 Οὐκοῦν,
689 2545 744 2597 ἦν
782 2548 822 2586 δ’
860 2549 1009 2596 ἐγω-

337 2598 413 2632 καὶ
440 2593 565 2641 ἡδύς]
600 2597 781 2639 Nonne,
805 2596 1010 2640 inquam,

338 2643 373 2676 si
409 2642 615 2692 pulcrum
652 2643 696 2677 et
732 2642 893 2676 bonum
927 2644 1010 2686 est,

338 2686 478 2722 etiam
502 2686 749 2722 iucundum
775 2687 887 2722 erit?

385 2746 437 2779 16.
474 2739 656 2778 Οὐκοῦν
694 2739 805 2783 όλως
830 2762 872 2767 -
899 2746 1010 2788 θαρ-

340 2788 514 2833 ροῦσιν]
540 2788 728 2823 Omnino
754 2788 898 2833 igitur
922 2789 1011 2824 for-

339 2836 409 2869 tes
445 2843 531 2868 non
567 2833 696 2878 turpi
731 2834 1012 2869 afficiuntur

1080 2393 1176 2428 quae
1207 2384 1322 2419 fortes
1346 2383 1519 2422 timeant,
1551 2383 1616 2417 sed
1642 2393 1687 2417 ea.
1711 2393 1754 2417 re

1080 2439 1170 2463 vera
1185 2429 1287 2463 mala
1298 2430 1393 2466 sunt
1419 2428 1475 2463 De
1493 2427 1754 2463 coniunctione

1081 2475 1119 2508 et
1143 2474 1416 2526 cpnstructione
1441 2473 1638 2508 verborum
1671 2473 1753 2508 αἰσ-

1081 2518 1194 2563 χρούς
1248 2515 1393 2572 φόβους
1448 2519 1660 2562 φοβεισθαι
1714 2519 1754 2552 et

1082 2563 1197 2608 αἰχρα
1234 2561 1363 2608 θάρρη
1401 2566 1564 2608 θαρρειν
1601 2575 1631 2598 v.
1656 2558 1751 2597 Lo—

1080 2609 1210 2643 beck
1244 2608 1407 2653 Paralip.
1445 2609 1521 2653 Ip
1547 2612 1610 2643 507
1648 2609 1687 2642 et
1716 2620 1753 2662 Ρ.

1080 2658 1145 2689 513
1164 2665 1217 2697 sq.
1265 2653 1314 2688 Ut
1349 2653 1419 2687 hoe
1454 2654 1555 2694 1000,
1589 2653 1644 2687 ita
1681 2665 1754 2688 ουκ

1080 2700 1165 2743 post
1195 2695 1337 2734 οὐκοῦν
1369 2699 1523 2733 infertur
1547 2697 1690 2732 Phileb.
1714 2710 1752 2751 p.

1081 2748 1123 2778 43
1151 2743 1204 2777 D.
1238 2742 1381 2778 ου’κοῦν
1423 2741 1492 2778 οὐκ
1531 2738 1578 2777 ἂν
1594 2744 1674 2797 ,εἴη
1711 2740 1753 2777 τὸ

1080 2788 1131 2834 μὴ
1166 2789 1381 2823 λυπεῖσθαί
1409 2801 1501 2823 ποτε
1533 2785 1676 2823 ταυτὸν
1700 2789 1753 2834 τῷ

1081 2835 1244 2878 χαι’;ρειν
1272 2832 1388 2869 Prot.
1417 2835 1503 2874 Πῶς
1528 2833 1599 2878 γὰρ
1626 2830 1693 2876 ἄν,
