1939 3214
366 139 421 181 94
957 139 1196 175 PLATONIS

365 255 411 281 τε
443 241 517 282 καὶ
546 239 624 289 τὰς
654 240 873 295 ἁρμονίας
903 239 1233 294 ἀναγκάζουσιν
1265 243 1545 286 οἰκειοῦσθαι
1574 252 1670 295 ταῖς
1699 253 1786 296 ψυ-

365 314 462 361 χαῖς
491 310 582 349 τῶν
612 309 799 362 παίδων,
831 309 907 351 ἵνα
937 307 1216 364 ἡμερώτεροί
1242 325 1290 351 τε
1321 304 1418 363 αἷσι,
1453 309 1527 353 καὶ
1556 309 1787 367 εὐρυθμό-

365 390 487 428 τεροι
525 373 599 416 καὶ
639 370 1011 431 εὐαρμοστότεροι
1049 376 1307 431 γιγνόμενοι
1346 378 1553 432 χρήσιμοι
1583 371 1695 422 αἷσιν
1726 380 1788 429 εἰς

366 441 409 483 τὸ
442 442 588 496 λέγειν
618 458 664 484 τε
696 445 770 485 καὶ
801 443 1034 498 πράττειν·
1076 446 1162 494 πᾶς
1191 443 1277 499 γαρ
1310 443 1333 487 ὁ
1364 447 1461 499 βίος
1492 448 1572 488 τοῦ
1603 446 1786 502 ἀνθρώ-

338 524 453 551 -που
493 507 742 563 εὐρυθμίας
778 526 826 552 τε
864 511 939 553 καὶ
977 509 1271 567 εὐαρμοστίας
1309 513 1461 555 δεῖται.

1521 515 1584 555 ἔτι
1627 517 1783 556 τοίνυν

366 575 477 632 πρὸς
507 575 681 626 τούτοις
713 579 774 627 εἰς
805 579 1101 634 παιδοτρίβου
1132 581 1401 635 πέμπουσιν,
1434 580 1510 622 ἵνα
1531 578 1584 622 τὰ
1606 581 1787 635 σώματα

479 715 509 746 6.
535 710 644 756 πρὸς
671 711 857 754 τούτοις
882 725 965 749 cum
991 713 1138 758 aliquot
1163 716 1371 761 apograph.
1399 726 1470 750 om.
1494 716 1651 751 Bekker.

365 846 577 871 mensuram
602 847 628 870 S.
649 838 822 881 metrum,
851 834 1038 874 ἐντείνειν

364 894 400 915 τι
425 883 480 916 est
505 881 647 924 aliquid
672 882 731 916 vel
755 882 902 917 musicis
919 884 1039 918 modis

365 926 425 961 vel
449 937 556 961 versu
580 925 787 970 includere;
812 927 883 962 hac
901 929 1038 973 signifi-

365 971 512 1005 catione
555 971 720 1015 positum
757 974 813 1007 est
850 973 1038 1009 Phaedon.

363 1027 399 1062 p.
427 1019 469 1050 60
495 1015 541 1049 D:
579 1016 666 1060 περὶ
703 1018 778 1051 τῶν
814 1031 1038 1063 ποιηματων

365 1062 417 1096 ὡν
441 1061 665 1104 πεποίηκας,
694 1058 865 1103 ἐντείνας
892 1066 955 1116 (sc.
984 1063 1039 1104 εἰς

365 1105 455 1145 ἐπος
492 1117 520 1142 s,
560 1105 614 1145 εἰς
656 1104 820 1162 μέτρον)
846 1105 935 1149 τούς
971 1110 1039 1143 τοῦ

364 1148 542 1186 Αἰσωπου
585 1149 747 1194 λόγους.
770 1149 903 1188 ,ἄλλοι
940 1154 1041 1195 τινές

364 1209 409 1240 με
436 1192 585 1249 ἤροντο.

413 1245 444 1276 1.
490 1237 841 1285 αναγκοὲζουσιν
892 1242 1039 1278 οἰκει-

365 1287 541 1321 οῦσθαι
575 1291 677 1326 ταῖς
715 1288 833 1332 ψυχ.]
867 1288 1038 1333 Discipli-

363 1342 430 1365 nas
461 1331 637 1365 honestas
674 1342 875 1376 puerorum
906 1334 1039 1368 animis

364 1376 453 1411 fletu
484 1377 685 1419 impressas
717 1387 797 1412 esse
822 1378 939 1412 tradit
965 1378 1038 1413 Xe-

363 1421 476 1465 noph.
506 1420 741 1465 Cyrop.II2,
763 1426 822 1456 14:
848 1422 1039 1477 κλαύμασι

366 1466 595 1501 διδάσκαλοι
627 1468 761 1502 παισὶν
796 1465 932 1512 ἀγαθοὶ
969 1482 1039 1512 μα-

363 1509 420 1545 θ’
397 1525 525 1556 ηματα
551 1513 820 1570 μηχανῶνται
840 1513 934 1547 conf.
954 1515 1038 1548 Ari-

365 1526 555 1591 stot.P01.
582 1557 670 1591 VIII
703 1561 739 1591 5:
778 1556 822 1593 οὐ
859 1560 1039 1602 παίζουσι

364 1599 651 1655 μανθάνοντες·
685 1600 780 1646 μετα
812 1604 935 1647 λυπῆς
967 1603 1038 1648 γὰρ

364 1643 386 1690 ἠ
413 1646 599 1692 μα’θησις.
647 1647 701 1682 De
728 1649 916 1683 sententia
939 1648 1039 1683 idem

365 1691 496 1726 eodem
514 1692 637 1735 capite
664 1693 757 1726 extr.
784 1695 920 1728 πολλοί
944 1706 1040 1738 φασι

364 1738 437 1771 τῶν
486 1738 615 1780 σοφῶν
657 1750 690 1772 οι
732 1751 803 1781 μεν
851 1734 1040 1793 αρμονιάν

365 1779 466 1816 εἶναι
498 1781 567 1827 τὴν
599 1781 748 1827 ψυχήν,
791 1782 829 1818 οἷ
861 1781 899 1818 δ’
939 1784 1041 1830 ἔχειν

365 1824 568 1872 ἁρμονίαν.

410 1887 441 1917 ’2.
462 1884 539 1918 ἵνα
564 1880 854 1928 ἡμερώτεροί
876 1898 921 1920 τε
947 1880 1041 1930 ὦσι,

364 1929 441 1962 καὶ
470 1924 547 1972 εὐρ
552 1928 577 1973 .]
605 1928 723 1970 Quam
755 1930 947 1973 praeclare
979 1942 1038 1966 ve-

363 1974 463 2008 teres
489 1943 547 2008 de9
558 1974 595 2008 vi
620 1975 658 2008 et
690 1975 855 2009 efficacia
884 1976 1041 2011 musices

365 2019 558 2060 senserint,
585 2029 697 2061 quum
723 2020 831 2053 multi
856 2020 927 2054 loci
952 2021 1042 2055 alio-

364 2075 445 2096 rum
472 2063 696 2106 scriptorum
722 2065 926 2107 testantur,
960 2068 1041 2100 tum

364 2107 531 2142 Platonis
574 2109 687 2143 verba
727 2110 773 2144 de
814 2110 957 2154 republ
991 2112 1040 2146 ΙΙΙ

365 2164 400 2196 Ρ.
420 2156 484 2187 401
503 2152 547 2187 D.
573 2153 615 2195 Ε,
644 2154 709 2187 ubi
733 2153 830 2189 inter
855 2155 945 2190 alia:
974 2170 1039 2190 κα-

366 2197 570 2240 ταδυ’,εται
602 2182 741 2251 inquit,
776 2200 829 2239 εἰς
861 2198 900 2234 τὸ
935 2197 1042 2242 ἐντὸς

366 2243 433 2286 τῆς
461 2242 587 2288 ψυχῆς
613 2241 635 2278 ό
657 2256 697 2278 τε
722 2243 874 2300 ρυθμός
893 2247 956 2280 καὶ
977 2245 1040 2291 ἁρ-

365 2290 503 2340 umam,
520 2302 585 2323 καί
604 2301 913 2333 8990251812662'062'06
927 2304 1039 2326 ant&-

366 2346 429 2367 ται
454 2347 575 2385 HUIUS
611 2334 780 2378 φέρθνῖίὶί
807 2334 876 2377 τὴν
906 2333 1039 2388 εὐσχη-

366 2375 547 2434 μοσύνην,
580 2379 644 2413 καὶ
676 2392 780 2414 ποιει
808 2379 1039 2425 εὐσχήμονα,

366 2420 435 2458 εὀἱν
459 2436 515 2463 τις
541 2420 668 2466 ὀρθῶς
695 2427 833 2469 τραφῇ.
866 2426 994 2462 Stallb.

410 2483 441 2513 4.
468 2479 555 2519 πᾶς
581 2477 663 2524 γὰρ
692 2477 710 2513 ὁ
737 2482 911 2526 βιός-]
942 2483 1040 2516 Α1·1-

367 2524 512 2558 stides
547 2524 734 2566 Quintil.
761 2526 812 2560 de
845 2526 1041 2562 Music.1

365 2581 401 2613 p.
429 2573 464 2603 2:
497 2571 602 2604 πᾶσα
638 2567 770 2626 ἡλικία
797 2572 862 2606 καὶ
889 2568 1040 2615 σύμπας

367 2615 458 2666 βίος,
487 2610 618 2649 ἅπασα
645 2614 686 2650 δε
713 2617 851 2660 πρᾶξις
876 2620 1038 2676 μουσικῇ

366 2657 463 2703 ιιόνῃ
489 2657 659 2700 τελέως
643 2675 691 2695 αν
709 2664 1038 2714 κατακοσμηθειή.

366 2696 492 2738 Cicero
526 2705 571 2739 de
605 2705 709 2742 Offie.
736 2706 751 2739 I
778 2711 837 2740 10:
871 2707 974 2742 Sicut
1003 2720 1041 2742 m

365 2747 498 2782 fidibus
531 2751 596 2783 aut
626 2750 664 2784 in
695 2751 814 2793 tibiis,
843 2771 881 2778 —
910 2753 960 2786 sic
986 2754 1040 2787 vi-

367 2793 529 2827 dendum
565 2796 621 2829 est
655 2795 693 2829 in
730 2796 824 2838 vita,
863 2809 908 2832 ne
944 2798 1039 2833 forte

366 2838 458 2882 quid
484 2839 680 2884 discrepet,
707 2840 765 2875 vel
792 2843 908 2876 multo
928 2843 1040 2878 etiam

1107 840 1241 885 magis,
1266 851 1338 883 quo
1363 841 1484 875 maior
1508 841 1546 875 et
1569 840 1701 875 melior
1725 851 1786 876 ac-

1107 885 1253 919 tionum
1279 896 1393 928 quam
1425 896 1598 920 sonorum
1630 895 1787 920 concen-

1106 931 1167 964 tus
1193 931 1259 965 est.
1286 929 1415 965 Stalzb.

1154 989 1187 1021 5.
1227 985 1294 1021 ἔτι
1332 987 1493 1021 τοίνυν
1531 984 1644 1031 πρὸς
1680 987 1786 1022 τού-

1110 1032 1235 1074 τοις]
1261 1031 1459 1087 Aristoph.
1492 1031 1785 1069 Plut.v.1002·

1110 1077 1175 1110 καὶ
1200 1074 1294 1120 πρὸς
1320 1073 1382 1111 ἐπὶ
1408 1073 1557 1116 τούτοις
1584 1077 1678 1115 εἷπε
1729 1076 1785 1112 De

1111 1120 1224 1155 simili
1248 1121 1428 1156 sermonis
1454 1121 1628 1157 ubertate
1654 1134 1687 1156 v.
1713 1122 1784 1158 Lo-

1116 1165 1212 1200 beck
1236 1166 1284 1200 ad.
1307 1166 1505 1210 Phrynich
1531 1178 1565 1211 p.
1594 1171 1670 1203 754.

1156 1226 1187 1256 6.
1209 1223 1279 1263 εἰς
1296 1224 1613 1273 παιδοτρίβου
1637 1226 1786 1274 πεμπ.]

1110 1267 1221 1302 Pueri
1254 1278 1368 1310 enlm,
1407 1270 1606 1312 postquam
1642 1269 1786 1304 littera-

1110 1324 1193 1346 rum
1220 1319 1257 1347 et
1283 1313 1372 1347 artis
1396 1313 1560 1348 musicae
1578 1314 1686 1349 initia
1701 1326 1784 1359 per-

1109 1359 1304 1401 ceperant,
1337 1358 1641 1402 paedotribarum
1674 1360 1786 1394 disci-

1108 1402 1233 1448 plinae
1259 1403 1516 1446 tradebantur,
1544 1415 1566 1438 a
1591 1405 1724 1447 quibus
1747 1404 1787 1439 in

1108 1448 1308 1493 palaestris
1349 1450 1468 1482 artem
1511 1450 1786 1492 gymnasticam

1111 1493 1345 1530 docerentur
1395 1493 1509 1528 Plat.
1552 1494 1597 1528 de
1639 1495 1783 1539 republ.

1111 1538 1165 1572 III
1189 1550 1224 1582 Ρ
1251 1543 1316 1573 403
1344 1537 1387 1573 C:
1428 1536 1524 1583 μετὰ
1567 1536 1614 1582 δὴ
1655 1551 1791 1596 μουσι-

1109 1582 1184 1627 κὴν
1231 1586 1468 1628 γυμναστικῇ
1517 1586 1702 1628 θρεπτέοι
1749 1582 1791 1619 οἵ

1110 1630 1274 1665 νεανίαι
1329 1629 1511 1664 Alcibiad
1548 1630 1562 1663 I
1593 1641 1629 1673 p.
1662 1633 1744 1664 106
1757 1629 1786 1663 Ε

1112 1673 1284 1708 Socrates
1303 1673 1350 1707 ad
1369 1672 1784 1729 Α1011113ἀο1111εμαθες

1111 1731 1184 1773 γαρ
1209 1716 1253 1753 σύ
1278 1731 1339 1762 γε,
1373 1717 1471 1754 nato}
1498 1717 1653 1764 μνήμην
1678 1716 1786 1763 ἐμήν,

1111 1760 1316 1808 γράμματα
1355 1765 1420 1798 καὶ
1464 1766 1682 1809 κιθαρίζειν
1722 1766 1788 1800 καὶ

1111 1810 1308 1849 παλαίειν
1333 1808 1448 1854 Legg.
1458 1809 1527 1844 VII
1541 1821 1578 1854 p.
1589 1809 1786 1854 813Asqq.

1113 1853 1200 1890 Crit.
1228 1865 1265 1898 p.
1293 1857 1336 1888 50
1357 1853 1399 1888 D.
1442 1855 1676 1899 Aristoph.
1701 1854 1787 1889 nub.

1111 1910 1145 1936 v
1156 1903 1222 1934 973
1235 1900 1323 1933 item
1338 1901 1425 1949 post
1438 1900 1670 1934 citharistam
1682 1910 1789 1934 men-

1109 1945 1250 1978 tionem
1276 1944 1447 1987 magistri
1476 1944 1701 1988 gymnastici
1731 1944 1785 1978 fa-

1111 1989 1172 2023 cit.
1200 1988 1372 2023 Ceterum
1386 1989 1659 2033 Hesychiu
1674 1989 1786 2023 Pho-

1111 2035 1222 2075 tius,
1257 2033 1338 2075 alii,
1371 2045 1404 2069 V.
1435 2036 1688 2078 παιδοτρίβης
1718 2045 1787 2077 per

1110 2077 1334 2159 ιιινὲῖιιι
1349 2079 1658 2166 stasmi&
1682 2078 1786 2168 ἓξὲξ

1113 2169 1284 2203 Socrates
1308 2169 1402 2203 hanc
1427 2180 1506 2204 rem
1531 2171 1573 2204 ut
1594 2170 1632 2203 in
1650 2170 1786 2213 vulgus

1111 2216 1241 2249 notam
1257 2214 1390 2249 leviter
1409 2215 1519 2248 modo
1538 2215 1665 2258 attigit
1683 2214 1783 2258 apud

1111 2260 1282 2310 Xenoph:
1302 2270 1410 2294 mem
1428 2259 1531 2301 1115,
1550 2264 1604 2301 22,
1609 2242 1694 2293 z”ubi
1717 2259 1785 2293 Pe-

1111 2305 1192 2339 ricli
1228 2304 1379 2339 minori:
1409 2303 1524 2359 οἶμαί
1547 2316 1625 2362 ‚68’
1647 2303 1781 2358 inquit,

1112 2348 1228 2385 οὐδεν
1253 2350 1380 2405 ἧττον
1394 2348 1494 2404 ε’χειν
1522 2348 1645 2384 εἰπεῖν
1669 2346 1785 2384 ὃποτε

1112 2400 1338 2449 στρατηγεῖν
1356 2391 1392 2447 ἢ
1397 2392 1535 2429 ὁπότε
1559 2396 1784 2429 παλαίειν

1112 2436 1232 2484 ἠρξω
1258 2438 1489 2484 μανθανειν.
1538 2439 1580 2474 Id
1605 2450 1692 2489 yero
1718 2439 1783 2473 du-

1110 2485 1214 2519 bium
1247 2495 1319 2519 non
1349 2485 1516 2527 videtur,
1553 2484 1642 2527 quin
1678 2483 1785 2528 pueri

1110 2530 1242 2564 iisdem
1272 2529 1397 2572 annis,
1435 2530 1569 2573 quibus
1599 2529 1784 2563 litteratu-

1111 2586 1190 2609 ram
1232 2576 1269 2609 et
1309 2557 1487 2609 musicam
1537 2575 1780 2623 docebantur,

1111 2631 1307 2664 corporum
1333 2621 1446 2654 etiam
1464 2619 1721 2654 exercitationi
1745 2617 1784 2652 in

1110 2665 1298 2709 palaestra
1347 2666 1573 2699 vacaverint.
1633 2663 1784 2697 Eisdem

1112 2711 1235 2744 autem
1269 2710 1427 2753 artibus,
1466 2721 1559 2753 quas
1591 2720 1613 2743 a
1642 2708 1779 2753 paedo

1110 2754 1210 2789 triba
1235 2754 1460 2798 didicerant,
1493 2756 1628 2805 postea
1650 2765 1669 2788 e
1694 2764 1784 2797 pue-

1110 2800 1160 2833 ris
1197 2800 1336 2842 egressi
1372 2812 1410 2834 1n
1447 2798 1649 2844 gymnasiis
1679 2797 1783 2832 nullo

1112 2844 1268 2879 docente
1294 2855 1446 2889 operam
1470 2844 1662 2879 dederunt.
