1907 3230
534 159 871 198 PROTAGORAS.
897 160 937 193 P.
965 163 1029 194 329
1055 159 1124 194 ST.
1444 160 1522 202 1Οό

112 261 137 306 ὃ
166 261 207 305 δ’
234 262 468 316 ἐθαύμασα
498 274 580 304 σου
612 264 832 317 λέγοντος,
863 261 996 302 τοῦτό
1026 275 1101 314 μοι
1124 260 1175 301 ἐν
1196 259 1249 313 τῇ
1270 262 1389 314 ψυχῇ
1412 258 1522 301 dato-
1540 262 1567 297 O

110 331 363 384 πλήρωσον.
411 331 557 383 ἔλεγες
588 329 687 383 γάρ,
721 328 787 370 ὅτι
819 327 841 369 ὁ
873 326 984 376 Ζεύς
1013 325 1095 380 τὴν
1127 325 1420 380 δικαιοσύνην
1451 328 1524 367 καὶ

112 396 191 452 τὴν
232 397 343 437 αἰδῶ
373 397 555 451 πέμψειε
585 403 676 445 τοῖς
707 393 985 448 ἀνθρώποις,
1025 395 1099 434 καὶ
1130 388 1187 434 αὖ
1219 392 1443 446 πολλαχοῦ
1475 392 1524 434 ἐν

111 471 202 512 τοῖς
233 465 381 517 λόγοις
414 463 584 516 ἐλέγετο
605 461 694 504 ὑπὸ
717 464 800 503 σοῦ
819 459 845 515 ἡ
868 461 1134 515 δικαιοσύνη
1157 459 1230 501 καὶ
1252 458 1524 514 σωφροσύνη

67 548 78 554 ·
112 531 186 572 καὶ
225 529 399 584 ὁσιότης
435 529 508 571 καὶ
547 529 692 571 πάντα
732 532 870 571 ταῦτα
908 523 966 577 ὡς
995 528 1045 570 ἕν
1075 543 1116 569 τι
1148 531 1214 581 εἴη
1247 528 1522 581 συλλήβδην,

112 597 256 652 ἀρετή.
315 596 443 639 ταῦτ’
484 589 567 638 οὗν
605 594 717 638 αὐτὰ
755 596 912 638 δίελθέ
944 611 1018 651 μοι
1058 593 1253 650 ἀκριβῶς
1290 598 1350 650 τῷ
1390 595 1523 649 λόγῳ,

112 664 303 719 πότερον
333 666 382 706 ἓν
411 664 493 718 μέν
523 665 568 704 τί
595 663 717 705 ἐστιν
747 661 774 717 ἡ
804 661 961 717 ἀρετή,
994 661 1127 717 μόρια
1158 663 1206 703 δὲ
1238 660 1373 715 αὐτῆς
1404 662 1526 704 ἐστιν

111 731 137 786 ἡ
172 730 436 785 δικαιοσύνη
468 729 542 772 καὶ
573 728 846 784 σωφροσύνη
868 731 942 771 καὶ
965 728 1155 783 ὁσιότης,
1186 728 1216 782 ἢ
1245 727 1369 770 ταῦτ’
1405 728 1527 771 ἐστὶν

112 799 142 840 ὁὶ
177 802 259 840 νῦν
298 797 350 851 δὴ
390 795 473 850 ἐγώ
515 798 670 850 ἔλεγον
709 798 855 838 πάντα
900 795 1094 851 ὀνόματα
1130 798 1212 838 τοῦ
1249 795 1388 837 αὐτοῦ
1426 794 1573 844 ἑνόςΒ

117 864 251 916 ὄντος.
311 862 435 907 τοῦτ’
470 863 590 906 ἐστὶν
622 861 646 905 ὃ
675 866 739 906 ἔτι
771 864 988 905 ἐπιποθῶ.

226 932 329 987 Gap.
352 931 515 974 XVIII.
543 930 674 972 Ἀλλόε
706 931 864 987 ῥᾴδιον
894 929 1027 972 τοῦτό
1056 929 1118 985 γ’,
1151 932 1251 985 ἔφη,
1286 923 1319 972 ὦ
1343 930 1526 983 Σωκρα-

114 1015 204 1052 τες,
243 997 599 1054 ἀποκρίνασθαι,
640 997 707 1040 ὅτι
746 997 843 1048 ἑνὸς
881 997 1030 1052 ὄντος,
1069 1000 1146 1051 τῆς
1177 997 1359 1052 ἀρετῆς,
1391 999 1528 1053 μόρια

115 1068 238 1109 ἐστιν
275 1063 306 1106 ὁὶ
343 1067 522 1122 ἐρωτᾷς.
585 1065 802 1120 Πότερον,
841 1067 971 1120 ἔφην,
1011 1064 1162 1119 ὥσπερ
1200 1064 1445 1119 προσώπου
1476 1064 1529 1107 τὰ

112 1134 245 1188 μόρια
282 1133 415 1188 μόριά
455 1133 569 1186 ἐστι,
610 1134 749 1187 στόμα
787 1148 834 1174 τε
872 1133 945 1174 καὶ
984 1133 1051 1187 ῥὶς
1094 1131 1168 1173 καὶ
1199 1131 1426 1186 ὀφθαλμοὶ
1457 1132 1531 1174 καὶ

116 1197 229 1255 cni-va,
275 1198 304 1255 ἦ
349 1200 498 1255 ὥσπερ
537 1198 589 1241 τὰ
630 1203 709 1242 τοῦ
754 1202 928 1254 χρυσοῦ
968 1199 1101 1255 μόρια
1147 1199 1282 1242 οὐδὲν
1327 1200 1531 1253 διαφέρει

114 1273 166 1310 τα
197 1268 325 1319 ἕτερα
355 1270 445 1309 τῶν
475 1267 637 1321 ἑτέρων
668 1268 741 1309 καὶ
772 1269 852 1309 τοῦ
883 1266 1008 1320 ὅλου,
1048 1265 1145 1308 ἀλλ’
1188 1263 1216 1321 ἢ
1246 1267 1426 1321 μεγέθει
1457 1267 1530 1307 καὶ

116 1337 396 1389 σμικρότητι,
431 1334 634 1384 Ἐκείνως
663 1350 737 1389 μοι
768 1349 989 1388 φαινεται,
1022 1329 1056 1375 ὦ
1089 1333 1346 1388 Σώκρατες,
1379 1331 1528 1387 ω’σπερ
1553 1344 1582 1378 Ε
1633 1362 1636 1364 -
1835 1350 1893 1375 ;,·-,.

114 1402 168 1445 τὰ
205 1403 284 1445 τοῦ
320 1402 562 1458 προσώπου
601 1401 731 1456 μόρια
770 1403 857 1455 ἔχει
895 1400 1005 1455 πρὸς
1044 1401 1093 1443 τὸ
1134 1400 1241 1443 ὅλον
1271 1402 1530 1455 πρόσωπον.

116 1468 319 1525 Πότερον
358 1471 456 1524 οὐν,
494 1485 552 1524 ην
593 1467 635 1510 δ’
678 1467 781 1523 ἐγώ,
820 1469 892 1510 καὶ
922 1468 1343 1523 μεταλαμβάνουσιν
1375 1469 1422 1510 οι
1448 1467 1532 1511 ἄν-
1591 1488 1595 1493 ’

233 1599 260 1629 1.
287 1590 335 1628 ἐν
359 1594 408 1639 τῇ
436 1594 577 1637 ψυχῆς
608 1593 646 1626 111
671 1595 699 1626 Β
726 1594 748 1639 ῇ
774 1594 881 1643 ψυχῇ
907 1593 1042 1627 omissa
1066 1594 1161 1636 sunt,
1186 1592 1308 1636 spatio
1333 1603 1447 1627 vacuo
1473 1602 1532 1627 re-

117 1639 224 1681 licto,
263 1640 305 1672 ut
336 1639 374 1672 in
404 1639 471 1672 hoc
501 1638 597 1673 libro
630 1639 665 1672 h
700 1638 722 1674 l,
753 1638 828 1672 alia
858 1638 970 1673 etiam
1001 1639 1117 1672 verba
1154 1639 1220 1671 aut
1256 1637 1429 1671 mutilata
1469 1639 1534 1671 aut

119 1684 255 1718 omissa
279 1686 374 1725 sunt,
401 1683 473 1718 vid
493 1683 662 1718 Schanzii
685 1684 761 1717 not.
787 1682 901 1720 critic.
971 1687 1002 1718 8.
1027 1678 1051 1727 ἢ
1076 1680 1204 1717 ταῦτ’
1229 1682 1274 1716 Ίι
1302 1681 1337 1717 εἰ
1361 1681 1395 1717 τ’
1424 1676 1472 1716 αὖ
1491 1682 1530 1718 Β.

119 1732 171 1762 16.
198 1727 250 1763 τοὶ
276 1727 410 1771 ἕτερα
436 1729 521 1762 τῶν
547 1725 712 1781 ἑτέρων
729 1728 892 1772 Sauppe:
919 1727 1004 1761 libri
1029 1730 1114 1771 post
1138 1729 1211 1762 τῶν
1239 1725 1375 1769 ἑτέρων
1393 1727 1535 1761 habent

119 1771 292 1829 ἀλλήλων
329 1774 394 1807 sed
431 1774 587 1826 apparet
616 1769 789 1815 ἀλλήλων
820 1783 898 1807 esse
928 1772 1303 1825 interpretamentum
1336 1772 1533 1806 verborum

119 1817 165 1852 τὰ
193 1819 301 1872 ἕτερα
331 1819 405 1852 τῶν
432 1814 580 1869 ἑτέρων,
606 1820 781 1860 recteque
807 1817 878 1851 dici
903 1817 1026 1861 potuit
1050 1819 1116 1851 aut
1140 1831 1186 1851 τα
1211 1830 1324 1860 μορια
1357 1816 1533 1871 διαφέρει

120 1860 294 1907 ἀλλήλων
324 1863 388 1897 καὶ
421 1864 487 1897 τοῦ
520 1858 627 1900 ὅλου,
653 1864 717 1896 aut
742 1861 788 1896 τὰ
813 1860 926 1906 μόρια
953 1864 1064 1904 ὃιαφ.
1092 1876 1139 1896 τα
1165 1860 1273 1904 ἕτερα
1298 1863 1372 1896 τῶν
1397 1858 1533 1906 ἑτέρων

119 1909 184 1943 καὶ
216 1909 283 1942 τοῦ
309 1905 410 1942 ὅλου.
458 1907 523 1942 1110
548 1890 662 1942 modo
687 1907 857 1942 Socrates
889 1907 1108 1941 sententiam
1131 1907 1241 1940 huius
1264 1906 1337 1941 loci
1361 1909 1535 1951 repetens

119 1965 159 2006 p.
181 1956 246 1987 349
273 1952 298 1987 C
324 1952 380 1987 bis
404 1952 548 1986 locutus
574 1954 639 1989 est.
689 1952 829 1986 Schanz
867 1952 961 1987 hanc
999 1953 1044 1986 ob
1071 1963 1220 1986 eausam
1245 1951 1396 1986 seclusit
1420 1952 1536 1986 verba

120 1995 166 2033 τὰ
197 1997 306 2040 ἕτερα
330 1998 404 2031 τῶν
431 1993 579 2040 ἑτέρων,
606 1997 672 2032 sed
689 1998 733 2031 cf.
751 2008 786 2041 p.
804 2001 869 2032 330
887 1999 983 2041 Asq.
1004 1998 1042 2031 et
1059 1996 1231 2031 Socrates
1248 1996 1341 2030 illud
1360 1994 1534 2041 ἀλλήλων

120 2055 156 2088 p.
182 2047 246 2078 349
272 2042 298 2077 C
323 2043 549 2086 Protagorae
575 2042 718 2078 tribuit.

123 2143 261 2178 stantia
290 2153 372 2177 eam
403 2154 468 2177 sua
499 2143 642 2177 ratione
668 2144 795 2178 confir-

912 2147 965 2179 13.
985 2141 1211 2195 Πότερον,
1233 2142 1368 2187 ε’,φην
1387 2138 1535 2187 ὥσπερ

123 2199 225 2223 mare
250 2188 385 2222 studet.

865 2186 1111 2231 προσώπου
1135 2189 1194 2232 -]
1223 2187 1415 2222 Sententia
1444 2187 1536 2222 haec

170 2238 199 2267 1.
225 2227 244 2267 ὃ
273 2228 310 2267 δ’
339 2229 591 2277 ἐθαύμασα
617 2245 698 2268 σου
726 2232 796 2268 λέ-

124 2279 300 2329 γοντος]
326 2267 478 2312 'lheaet⁸
496 2289 534 2333 p.
556 2277 678 2311 1613:
706 2272 724 2312 ὃ
752 2277 793 2313 δὲ

125 2319 312 2368 θαυμάζω
337 2322 405 2357 τοῦ
425 2320 578 2364 ἑταίρου
595 2334 673 2359 σου
698 2324 796 2376 Apo

125 2368 197 2412 log.
226 2367 323 2402 Socr.
348 2367 395 2401 in.
453 2365 616 2411 μαλιστα
649 2366 692 2402 δε
727 2366 797 2402 αύ-

126 2415 199 2447 τῶν
221 2412 264 2447 ’ἓν
292 2409 507 2456 ἐθαύμασα.
535 2411 620 2446 Men
645 2423 681 2455 p
700 2413 797 2447 950:

126 2459 190 2493 καὶ
206 2459 392 2502 Γοργιου
389 2448 549 2492 ιιοὶλιστα
569 2459 690 2491 ταῦτα
709 2454 798 2501 ἄγα-

126 2516 206 2546 μαι.
232 2502 287 2536 De
311 2512 386 2546 rep.
415 2502 450 2536 ΙΙ
474 2514 509 2547 p.
527 2505 636 2536 376A
642 2533 647 2538 .
674 2502 796 2539 3671)

127 2547 181 2582 De
214 2558 287 2590 quo
313 2547 479 2591 genitivo
505 2559 538 2581 v.
564 2547 709 2591 Kriiger
735 2547 796 2584 Gr

127 2597 180 2627 47.
208 2596 261 2634 10,
288 2596 318 2627 9.
362 2592 535 2626 Proxima
560 2593 659 2627 recte
684 2592 796 2625 inter-

127 2638 296 2682 pretatur
332 2636 650 2671 Heindorfius:
700 2637 797 2678 hoc,

128 2682 248 2725 quod
272 2692 473 2716 mancum
501 2683 569 2716 est
597 2682 722 2725 quasi
755 2682 797 2715 in

129 2727 276 2761 animo
316 2737 429 2769 meo,
470 2727 655 2771 plenum
696 2737 797 2770 per-

128 2771 392 2814 fectumque
418 2771 565 2806 redde.

175 2820 207 2850 3.
232 2818 482 2861 πολλαχοῦ]
510 2829 541 2854 v.
568 2828 603 2860 p.
629 2818 738 2851 375A
762 2818 799 2851 et

128 2873 165 2906 p.
191 2860 311 2898 323E

867 2238 938 2268 est:
965 2233 1123 2267 Utrum
1157 2232 1270 2266 illae
1295 2232 1467 2267 formae
1493 2234 1538 2267 et

865 2279 1021 2321 partes
1075 2277 1267 2312 virtutis
1322 2277 1444 2312 inter
1491 2288 1535 2313 se

865 2325 1031 2357 natura
1068 2324 1112 2357 et
1142 2322 1185 2357 vi
1217 2333 1296 2356 sua
1327 2321 1536 2357 diversae

867 2371 986 2410 sunt,
1024 2367 1397 2411 quemadmodum
1433 2378 1537 2411 par-

868 2414 937 2447 tes
978 2412 1200 2457 corporis;
1251 2423 1302 2446 an
1350 2414 1537 2461 praeter

866 2457 1229 2501 magnitudinem
1270 2458 1347 2491 aut
1382 2468 1536 2501 parw-

867 2503 1009 2537 tatem
1049 2502 1164 2536 nihil
1211 2502 1401 2542 habent,
1452 2511 1537 2555 quo

866 2548 989 2583 inter
1013 2558 1059 2581 se
1084 2547 1333 2582 differant?
1371 2529 1423 2580 De
1451 2542 1537 2580 αλλ’

866 2588 892 2637 ἥ
914 2604 948 2629 v.
968 2593 1015 2627 ad
1035 2592 1220 2628 Phaedon.
1236 2604 1271 2636 p.
1289 2591 1385 2628 8113,
1411 2590 1536 2626 Stallb.

913 2642 964 2672 19.
1006 2635 1455 2691 μεταλαμβάνουσιν
1495 2656 1538 2662 -

869 2694 915 2716 οι
941 2681 988 2717 δὲ
1015 2679 1067 2717 αλ
1080 2683 1140 2726 λο]
1162 2682 1435 2716 construuntur
1457 2694 1540 2736 μετ-

869 2726 984 2770 έχειν,
1008 2726 1274 2777 μεταδιδόναι,
1301 2726 1540 2771 μεταλαμβά-

869 2784 969 2814 νειν,
1012 2773 1159 2815 aliaque
1196 2771 1234 2806 id
1269 2782 1386 2822 genus
1425 2772 1540 2806 verba

870 2828 953 2850 cum
977 2817 1199 2859 accusativo,
1225 2817 1289 2851 ubi
1313 2828 1393 2860 quis
1417 2816 1454 2850 in
1479 2825 1537 2850 so-

870 2861 1044 2897 cietatem
1070 2864 1106 2897 et
1129 2862 1398 2907 possessionem
1429 2861 1539 2895 alicu-
