1907 3230
79 577 95 603 5

549 191 880 229 PROTAGORAS.
905 191 945 227 Ρ.
972 194 1036 227 358
1062 191 1128 229 ST.
1465 193 1543 235 179

130 289 268 345 εἶναι,
315 290 484 345 ἀμαθία
529 290 556 347 ἡ
600 294 801 346 μεγίστη·
846 285 898 346 ἧς
938 294 1242 347 Πρωταγόρας
1287 291 1362 334 ὅδε
1404 292 1543 347 φησὶν

127 357 277 412 ἰατρὸς
309 355 422 401 εἶναι
453 357 526 401 καὶ
555 359 784 413 Πρόδικος
813 358 885 400 καὶ
909 358 1096 407 Ἱππίας·
1138 357 1263 414 ὑμεῖς
1300 359 1349 401 δὲ
1388 358 1462 401 διὰ
1493 359 1542 401 τὸ

127 429 304 468 οἴεσθαι
341 424 449 468 ἄλλο
487 441 529 468 τι
565 422 593 480 ἢ
631 424 832 479 ἀμαθίαν
871 421 986 467 εἶναι
1016 424 1117 468 οὔτε
1147 424 1275 468 αὐτοὶ
1305 425 1410 469 οὔτε
1440 425 1543 476 τούς

127 491 368 547 ὑμετέρους
398 494 558 542 παῖδας
587 491 708 547 παρὰ
737 490 841 542 τούς
861 492 1032 535 τούτων
1054 493 1357 544 διδασκάλους
1378 494 1542 536 τούσδε

127 558 231 610 τούς
271 559 486 615 σοφιστὰς
529 559 741 614 πέμπετε,
788 558 848 610 ὥς
887 558 940 603 οὐ
980 561 1194 603 διδακτοῦ
1235 560 1384 616 ὄντος,
1430 560 1542 603 ἀλλὰ

71 646 75 652 1
127 626 365 682 κηδόμενοι
401 630 482 669 τοῦ
519 625 740 682 ἀργυρίου
771 627 844 669 καὶ
875 626 928 670 οὐ
961 629 1163 677 διδόντες
1192 628 1366 678 τούτοις
1397 630 1543 678 κακῶς

125 694 334 748 πράττετε
365 695 438 736 καὶ
469 694 560 750 ἰδία
591 694 665 736 καὶ
696 696 900 750 δημοσίᾳ.

238 762 339 816 Cap.
371 761 614 803 XXXVIII.
671 764 818 803 Ταῦτα
853 762 936 816 μὲν
966 770 1057 812 τοῖς
1087 765 1269 812 πολλοῖς
1299 761 1539 817 ἀποκεκρι-

123 829 249 882 μένοι
286 827 342 870 div
379 821 503 883 ἦμεν.
565 826 678 882 ὑμᾶς
715 829 763 871 δὲ
800 827 853 883 δή
893 829 1001 884 μετὰ
1032 829 1340 885 Πρωταγόρου
1373 831 1540 884 ἐρωτῶ,

78 889 167 939 ιοῡῖ
194 893 339 936 Ἱππία
377 910 424 937 τε
465 894 539 937 καὶ
569 896 768 950 Πρόδικε
799 922 848 927 -
882 897 1032 946 κοινὸς
1068 895 1154 951 γάρ
1193 896 1245 952 δή
1289 899 1400 940 ἔστω
1433 896 1541 952 ὑμῖν

76 985 87 997 2
124 960 146 1004 ὁ
177 961 307 1016 λόγος
336 988 390 993 —-
420 962 614 1017 πότερον
658 964 779 1005 δοκι-5
808 961 915 1018 ὑμῖν
946 962 1093 1019 ἀληθῆ
1125 965 1272 1019 λέγειν
1312 963 1339 1020 ἢ
1377 965 1541 1015 ψεύδε-

71 1249 102 1274 15

123 1033 246 1072 σθαι.
299 1028 560 1084 ’Τπερφυῶς
598 1030 744 1073 ἐδόκει
783 1029 950 1073 ἅπασιν
987 1029 1135 1086 ἀληθῆ
1175 1029 1289 1073 εἶναι
1326 1032 1378 1074 τὰ
1417 1034 1540 1088 εἰρη-

122 1096 246 1152 μένα.
301 1091 577 1151 Ὁμολογεῖτε
608 1096 716 1153 ἄρα,
754 1092 813 1152 ἦν
843 1096 884 1139 δ’
918 1098 1020 1152 ἐγώ,
1054 1097 1102 1140 τὸ
1132 1098 1214 1152 μὲν
1243 1098 1332 1154 ήδύ
1364 1099 1540 1154 ἀγαθὸν

124 1161 261 1218 εἶναι,
302 1163 350 1205 τὸ
388 1165 436 1206 δὲ
476 1163 665 1218 ἀνιαρὸν
704 1165 856 1208 κακόν.
925 1164 1006 1219 τήν
1045 1166 1094 1208 δὲ
1136 1167 1367 1221 Προδίκου
1407 1168 1540 1209 τοῦδε

125 1232 347 1287 διαίρεσιν
367 1235 458 1273 τῶν
480 1230 713 1286 ὀνομάτων
743 1235 1064 1287 παραιτοῦμαι·
1100 1237 1186 1275 εἴτε
1216 1232 1300 1287 γὰρ
1330 1231 1418 1288 ήδύ
1453 1238 1539 1276 εἴτε

122 1297 316 1353 τερπνὸν
348 1299 487 1353 λέγεις
518 1303 605 1341 εἴτε
625 1300 806 1354 χαρτόν,
839 1303 926 1342 εἴτε
947 1297 1118 1342 ὁπόθεν
1139 1299 1213 1342 καὶ
1235 1299 1352 1351 ὅπως
1373 1304 1539 1356 χαίρεις

233 1438 265 1468 3.
297 1430 404 1468 οὔτε
437 1429 572 1469 αὐτοὶ
609 1434 695 1468 BT:
730 1435 785 1470 ἴτε
818 1436 904 1479 post
935 1432 1045 1470 αὐτοὶ
1078 1435 1257 1470 insertum
1285 1436 1365 1470 vult
1388 1436 1540 1481 Madvig

121 1477 280 1520 (advers.
308 1479 323 1512 Ι
347 1481 427 1521 409)
460 1481 498 1513 et
529 1479 671 1524 recepit
696 1479 802 1517 Cron.
851 1479 1084 1536 Quamquam
1117 1482 1242 1515 autem
1273 1481 1428 1515 verbum
1453 1492 1539 1517 eva-

119 1523 242 1557 nuisse
269 1523 426 1565 videtur,
451 1525 577 1558 tamen
602 1534 670 1568 pro
696 1525 752 1560 ι”τε
780 1527 954 1579 expectes
978 1526 1158 1569 εφοιτᾶτε
1185 1527 1249 1560 aut
1274 1525 1444 1569 φοιτᾶτε.
1493 1526 1539 1562 Et

121 1567 150 1600 si
175 1567 354 1611 scriptum
378 1568 448 1603 fuit
473 1566 554 1604 οὔτ’
584 1566 764 1613 ἐφοιτᾶτε
790 1569 917 1613 αυτοὶ,
949 1569 989 1604 id
1015 1570 1289 1604 terminationis
1314 1571 1533 1616 compendio

120 1612 290 1657 neglecto
317 1614 402 1648 ante
429 1609 540 1649 αὐτοὶ
566 1615 719 1658 propter
743 1614 903 1649 similem
928 1615 1120 1658 utriusque
1146 1615 1245 1650 vocis
1271 1626 1401 1651 sonum
1430 1616 1536 1651 facile

119 1656 241 1700 perire
285 1658 419 1701 potuit.
512 1663 543 1692 4.
571 1659 740 1693 τούτων
773 1659 991 1694 mutandum
1021 1661 1132 1704 putat
1163 1659 1281 1695 Cobet
1314 1661 1351 1695 in
1390 1661 1537 1704 τούτου,

121 1701 228 1745 eique
264 1702 302 1735 in
339 1702 519 1746 proximis
544 1702 671 1737 Naber
697 1701 785 1743 τοὺς
810 1702 993 1747 σοφιστὰς
1031 1705 1130 1738 recte
1168 1705 1346 1739 delevisse
1383 1705 1540 1749 videtur,

121 1757 217 1803 quae
242 1747 497 1781 infelicissima
514 1749 572 1782 est
589 1748 812 1783 coniectura.
883 1753 914 1785 9.
942 1746 1105 1792 ἐρωτῶ,
1133 1742 1160 1783 ὦ
1181 1745 1338 1784 Ἱππία
1356 1750 1538 1786 Riickert:

121 1806 162 1834 ω,
188 1791 287 1834 quod
312 1791 399 1826 libri
424 1792 612 1836 omittunt,
639 1803 703 1827 cur
726 1792 968 1837 interciderit,
995 1793 1121 1838 liquet.

120 1904 260 1939 nomini
293 1905 404 1939 τοῦτο
429 1915 497 1948 per
521 1904 794 1949 appositionem

119 1949 286 1983 additum
302 1944 459 1993 ἀμαθία
473 1946 495 1993 ἡ
512 1951 683 1993 μεγίστη.
702 1950 791 1984 Pro-

119 1993 219 2028 xima
243 1993 280 2028 in
304 2004 371 2038 pro
401 1993 503 2029 atulo
522 1995 578 2028 est
596 1993 696 2028 dicta
714 2005 792 2030 esse

119 2037 334 2082 εἰρωνικῶς.
395 2049 415 2073 e
440 2049 517 2075 voc.
536 2036 666 2083 ἰατρός
694 2051 722 2074 v.
745 2039 793 2074 ad

117 2095 153 2128 p.
181 2087 245 2117 312
272 2083 311 2119 B.

127 2169 135 2182 e
163 2132 196 2163 3.
232 2124 502 2183 ⁰51⁶„0223192
538 2125 646 2164 οὔτε
684 2127 789 2170 τούς

117 2173 792 2268 {affigam55535.{{25252553‡

117 2263 212 2298 ratio
230 2263 357 2307 paullo
375 2262 510 2298 durior.
536 2263 718 2298 Nimirum
740 2264 791 2298 di-

116 2318 199 2343 cere
230 2308 397 2342 volebat:
436 2306 524 2343 οὔτε
556 2306 666 2343 αὐτοὶ
703 2307 791 2344 οὔτε

118 2351 156 2387 οἷ
179 2354 318 2393 παῖδες
342 2354 626 2397 προσέρχονται.
660 2353 789 2390 Stalzb.

161 2402 192 2435 4,
224 2395 346 2442 παρὰ
379 2395 483 2437 τούς
515 2397 688 2433 τούτων
722 2400 790 2433 δι-

117 2441 401 2488 δασκάλους]
443 2443 490 2476 ad
530 2444 687 2478 harum
726 2454 792 2478 ‘re-

117 2498 212 2521 rum
229 2488 487 2532 magistros.
516 2488 674 2523 Pluralis
688 2487 791 2529 (τού-

116 2535 204 2575 των)
231 2533 395 2576 pertinet
420 2534 533 2567 etiam
559 2533 606 2568 ad
633 2544 694 2568 eas
720 2544 789 2576 res,

115 2588 206 2622 quas
220 2576 257 2612 οἱ
269 2580 406 2612 πολλοί
418 2578 454 2612 in
469 2589 580 2613 causa
595 2589 673 2613 esse
687 2580 792 2623 puta—

115 2624 254 2659 verant.
282 2622 400 2656 Simili
417 2624 539 2666 modo,
561 2624 624 2658 sed
644 2624 792 2657 inverso

116 2667 245 2702 ordine
285 2668 393 2703 Plato
439 2680 550 2713 supra
590 2680 624 2712 p.
663 2672 727 2703 349
760 2669 791 2701 A

115 2712 261 2756 scripsit
274 2713 411 2748 τούτου
426 2714 570 2757 μισθόν
586 2715 623 2748 et
640 2711 702 2748 ἐπὶ
722 2712 791 2757 τὴν

115 2755 258 2792 τούτων
272 2757 422 2801 σκέψιν.
438 2762 590 2802 v.p.358
600 2759 635 2793 C.
656 2758 709 2793 De
723 2758 791 2792 tali

142 2801 250 2835 lurali
287 2803 328 2840 G.
354 2803 542 2838 Hermann
581 2806 628 2838 ad
663 2803 786 2847 Eurip.

134 2846 235 2891 phjg.
255 2846 396 2883 Tauric.
420 2860 451 2882 v,
471 2852 536 2884 678
556 2853 686 2883 contra
699 2848 786 2881 Din-

116 2891 249 2925 dorfios
284 2893 492 2927 annotavit:
530 2893 621 2928 nihil
653 2892 789 2928 soloeci

863 1906 901 1939 in
937 1916 1000 1948 eo,
1037 1905 1107 1940 nisi
1144 1906 1292 1942 soloeca
1321 1908 1408 1941 sunt
1440 1918 1535 1950 quae

862 1950 956 1994 πρὸς
982 1947 1023 1985 τὸ
1050 1951 1332 1996 σημαινόμενον
1357 1952 1460 1987 dicta
1477 1963 1537 1988 vo-

863 1997 1003 2029 cantur.

906 2039 1072 2075 τούσδε
1128 2038 1234 2081 τοὺς
1290 2040 1533 2088 σοφιστὰς]

861 2085 906 2120 cf.
933 2097 967 2130 p.
994 2089 1058 2120 349
1082 2085 1113 2119 A
1138 2083 1323 2138 qotptotvjv
1350 2085 1535 2132 ἐπονομά-

860 2142 927 2169 σας
953 2127 1116 2165 σεαυτὸν
1143 2130 1349 2175 απέφηνας
1374 2133 1535 2168 παιδεύ-

861 2187 952 2215 σεως
978 2176 1043 2209 καὶ
1069 2171 1207 2219 ἀρετῆς
1233 2173 1479 2212 διδάσκαλον.

909 2224 959 2253 14.
988 2218 1072 2264 τήν
1099 2219 1149 2255 δὲ
1169 2222 1413 2263 Προδίκου
1438 2224 1534 2258 τοῦ·

861 2266 909 2298 δε
944 2265 1200 2310 διαίρεσιν]
1228 2265 1365 2301 Rursus
1391 2267 1535 2302 Prodici

860 2311 977 2343 artem
1008 2310 1181 2348 traducit,
1213 2322 1245 2347 v.
1271 2311 1318 2345 ad
1347 2322 1383 2355 p.
1409 2317 1475 2347 337
1501 2313 1532 2346 A

860 2355 898 2388 et
915 2354 954 2388 B.
983 2354 1036 2388 De
1061 2355 1175 2389 verbo
1192 2355 1454 2401 παραιτοῦμαι
1481 2357 1534 2391 di-

860 2398 980 2433 ximus
1005 2400 1052 2433 ad
1078 2411 1114 2444 p.
1141 2404 1206 2435 320
1224 2401 1267 2437 D.

909 2448 959 2480 16.
986 2445 1078 2479 εἴτε
1105 2441 1287 2480 ὁπόθεν
1313 2446 1389 2480 καὶ
1416 2442 1534 2487 ὅπως

861 2491 1047 2532 χαίρεις
1074 2509 1113 2514 —-
1140 2485 1216 2533 ὃν]
1245 2490 1398 2535 Saepius
1422 2490 1532 2526 Plato

861 2534 1028 2568 similiter
1052 2534 1193 2569 locutus
1224 2536 1296 2577 est,
1329 2536 1370 2569 ut
1395 2535 1532 2580 Cratyl.

861 2589 895 2622 p.
917 2583 982 2614 400
1000 2579 1046 2613 E:
1072 2576 1194 2624 ὥσπερ
1222 2577 1261 2614 ἕν
1287 2585 1372 2620 ταῖς
1399 2577 1532 2625 εὐχαῖς

862 2620 976 2667 νόμος
1007 2622 1109 2659 ἐστὶν
1136 2620 1228 2669 ἡμῖν
1255 2622 1453 2669 εὔχεσθαι,
1479 2627 1530 2660 οῖ’-

861 2668 961 2708 τινὲς
992 2682 1030 2704 τε
1062 2669 1127 2703 καὶ
1158 2667 1304 2705 ὁπόθεν
1332 2672 1531 2714 χαίρουσιν

862 2709 1146 2758 ὀνομαζόμενοι.
1195 2714 1248 2748 Cf.
1265 2714 1392 2752 Horat,
1412 2717 1478 2750 sat.
1497 2716 1528 2749 II

860 2761 947 2795 6,Ξο
964 2759 1145 2793 Matutine
1171 2761 1288 2803 pater,
1314 2771 1389 2795 seu
1422 2760 1528 2795 Iane

860 2803 1085 2838 libentius
1118 2804 1258 2839 audis.
1310 2805 1439 2848 Itaque
1466 2816 1530 2849 ap—

859 2850 984 2892 paret,
1032 2859 1141 2892 quam
1186 2849 1318 2884 festive
1360 2850 1529 2884 Socrates

859 2893 971 2928 verba
990 2896 1136 2938 χαίρεις
1160 2889 1355 2938 ὀνομάζων
1375 2895 1420 2929 ad
1438 2894 1526 2929 Pro-

1192 2952 1259 2984 12*

1565 778 1629 810 358

1563 1312 1590 1346 Β
