1907 3230
667 178 732 211 AD
758 176 1108 211 PROTAGORAM.
1564 176 1589 217 3

172 281 319 322 bulum
358 281 441 320 alia
479 278 791 334 significatione
831 291 879 318 ac
916 276 1097 330 pristina
1133 277 1425 328 usurparetur,
1466 278 1507 316 et
1544 279 1590 316 ut

169 337 419 393 plerumque
441 337 500 389 fit,
523 338 567 376 111
590 334 772 375 deterius
799 333 1072 386 acciperetur.
1112 330 1305 372 Dilucide
1326 331 1367 371 id
1389 331 1434 371 in
1456 331 1588 384 philo-

174 391 320 446 sophis
352 392 556 444 cernitur3
588 404 693 444 quos
724 390 794 443 qui
817 388 1003 430 Socratis
1034 390 1172 428 aetate
1194 386 1406 440 sophistas
1428 387 1592 427 dicebat

177 462 282 501 esse,
314 448 460 502 iniquo
492 448 526 488 is
560 446 701 486 animo
731 445 875 499 probri
907 458 957 485 ac
988 443 1266 484 contumeliae
1297 456 1423 483 causa
1453 457 1501 483 ea
1522 457 1590 496 ap-

171 504 401 558 pellatione
430 517 529 544 usus
560 504 634 552 est,
667 504 713 542 ut
744 515 815 542 eos
847 500 1059 554 sapientia
1089 513 1164 540 sua
1192 499 1442 540 veteratorie
1473 498 1590 539 abuti

171 560 445 614 significaret.
504 558 665 599 Idcirco
706 558 749 597 in
789 556 982 598 convivio
1013 554 1326 609 Xenophonteo
1358 557 1411 608 (c.
1442 553 1517 595 IV.
1546 555 1589 606 4)

172 615 332 658 Callias
354 614 669 665 Antisthenem,
702 612 919 654 hominem
950 614 992 655 et
1019 611 1182 653 Socrati
1212 610 1590 651 familiarissimum

173 674 215 713 et
249 673 362 712 vitae
409 670 712 712 consuetudine
756 683 780 709 a
825 667 1027 722 sophistis
1072 667 1399 719 alienissimum,
1447 668 1589 707 tamen

171 728 270 782 quia
307 727 395 768 eius
425 725 605 781 argutiis
638 728 679 766 et
707 723 1038 778 quaestiunculis
1066 723 1316 777 urgebatur,
1355 721 1589 775 sophistam

171 785 310 824 vocat.
372 782 531 823 Eodem
570 781 643 822 illo
684 780 878 833 consilio,
921 794 1007 820 non
1038 782 1179 819 autem
1211 779 1321 832 quod
1352 778 1588 818 mercedem

172 839 401 893 exegisset,
450 838 665 880 Socratem
711 837 850 890 ipsum
904 835 1235 888 Aristophanes,
1281 834 1503 875 Platonem
1550 840 1592 874 et

176 894 432 936 Aeschinem
462 894 611 948 Lysias
624 894 683 947 S),
725 893 830 933 alios
861 891 932 932 alii
964 891 1173 945 sophistas
1205 890 1589 945 nominaverunt-0).

170 950 261 992 Nec
290 954 434 991 tamen
465 964 514 991 ea
544 951 652 990 ratio
677 948 971 1003 philosophiae
989 947 1161 1001 propria
1184 946 1276 997 fuit,
1310 945 1382 987 sed
1414 946 1464 986 ad
1488 945 1591 986 alias

173 1008 281 1047 vitae
312 1008 453 1061 partes
484 1005 703 1060 pertinuit,
736 1005 846 1058 quod
879 1004 1112 1057 perspicuis
1141 1002 1279 1043 verbis
1300 1001 1486 1056 prodidit
1507 1001 1591 1042 Iso-

174 1066 309 1104 crates
329 1077 387 1103 or.
411 1061 504 1102 XV.
525 1062 628 1102 235:
653 1062 814 1102 Σόλων
831 1059 926 1113 μέν,
946 1059 1096 1113 inquit,
1119 1060 1209 1099 τῶν
1233 1057 1341 1100 ἑπτὰ
1363 1060 1592 1110 σοφιστῶν

175 1117 346 1172 ἐκλήθη
386 1118 458 1158 καὶ
490 1118 657 1170 ταύτην
688 1119 786 1169 ἔσχε
816 1114 898 1168 τήν
931 1114 1192 1168 ἐπωνυμίαν
1223 1112 1319 1168 τὴν
1350 1115 1450 1154 νῦν
1481 1111 1591 1154 ἅτι-

172 1174 478 1227 μαζομένην
516 1174 604 1214 καὶ
643 1171 979 1225 κρινομένην
1011 1169 1116 1223 παρ’
1149 1169 1269 1222 ὑμῖν.
1332 1169 1466 1218 Quam
1499 1184 1592 1210 ean-

172 1231 266 1270 dem
297 1243 386 1270 rem
417 1230 568 1270 fortius
599 1229 727 1269 etiam
759 1228 938 1281 scriptor
968 1227 1080 1278 libri,
1113 1227 1183 1280 qui
1211 1229 1274 1266 est
1295 1225 1345 1266 de
1366 1225 1591 1266 venatione

173 1285 328 1340 quique
357 1286 403 1325 in
434 1284 757 1338 Xenophonteis
789 1284 916 1337 vulgo
947 1288 1215 1333 numeratur,
1254 1281 1320 1321 his
1351 1281 1490 1322 verbis
1522 1295 1590 1320 ex-

172 1341 318 1396 primit
351 1355 383 1382 c.
410 1342 483 1394 ἡ13,
517 1341 564 1381 8:
603 1338 825 1393 σοφιστὴν
863 1340 1086 1391 κληθῆναι
1127 1336 1300 1385 ὄνειδός
1342 1335 1436 1377 ἐστι
1473 1335 1593 1389 παρά

172 1412 223 1450 γε
254 1403 345 1445 τοῖς
376 1395 426 1438 εὐ
457 1398 692 1450 φρονοῦσι.
743 1394 836 1436 Hoc
867 1397 1007 1435 autem
1037 1396 1215 1448 utroque
1246 1393 1339 1434 loco
1370 1393 1444 1433 illa
1473 1407 1592 1434 voca-

174 1453 260 1494 buli
298 1452 514 1507 sophistae
546 1452 803 1507 significatio
835 1451 1059 1492 scribentis
1090 1451 1232 1490 animo
1262 1449 1484 1490 obversata
1515 1451 1591 1501 est,

173 1523 280 1564 quae
311 1509 422 1563 apud
455 1509 621 1550 Atticos
651 1508 780 1562 longe
812 1509 904 1548 erat
933 1506 1221 1558 usitatissima,
1254 1506 1408 1559 quippe
1435 1505 1505 1559 qui
1527 1519 1591 1546 so-

174 1565 375 1620 phistam,
407 1565 478 1619 qui
510 1565 679 1618 quidem
710 1578 758 1605 eo
790 1564 960 1604 nomine
992 1562 1146 1616 dignus
1178 1564 1312 1614 esset,
1354 1561 1593 1602 liberalium

175 1622 328 1662 artium
351 1623 392 1662 et
413 1621 582 1661 virtutis
603 1621 856 1674 magistrum
878 1619 1183 1673 intelligerent.
1229 1617 1460 1659 Verissime
1479 1618 1591 1658 enim

173 1677 422 1719 scholiastes
463 1677 515 1717 ad
546 1676 764 1730 Aristoph.
797 1675 925 1716 nubb.
958 1690 996 1715 v.
1028 1675 1260 1716 331-hanc
1290 1687 1433 1714 vocem
1465 1673 1594 1714 inter-

174 1736 368 1788 pretatur
399 1747 526 1786 quum
557 1732 679 1773 dicit:
712 1729 928 1784 σοφιστοὶς
958 1728 1060 1779 τοὺς
1091 1729 1390 1777 διδασκάλους
1422 1729 1515 1769 νόει
1537 1727 1595 1777 ὡς

174 1787 276 1838 τοὺς
314 1787 480 1836 ἄλλους
517 1789 803 1841 σοφίζοντας,
845 1787 956 1827 conf.
989 1786 1103 1828 Suid.
1137 1800 1166 1827 s.
1199 1800 1235 1826 v.

288 1846 429 1899 Atque
460 1844 582 1884 huius
614 1844 773 1885 activae
797 1857 904 1897 quae
926 1843 1080 1883 dicitur
1101 1841 1428 1896 significationis
1446 1842 1594 1882 auctor

176 1901 260 1941 fuit
291 1900 545 1955 Protagoras
577 1899 819 1950 Abderites,
862 1899 933 1952 qui
964 1899 1009 1939 in
1041 1898 1293 1938 doctissimis
1325 1897 1592 1950 antiquitatis

174 1957 416 1998 hominibus
436 1956 650 1997 ducendus
673 1958 748 1996 est.
796 1954 877 2002 Qui
906 1968 1034 2008 quum
1063 1953 1340 1994 intellexisset
1371 1953 1592 2006 plerosque

174 2015 266 2053 tota
301 2012 389 2054 fere
427 2012 606 2053 Graecia
638 2011 857 2052 doctrinae
895 2010 1193 2064 percipiendae
1227 2009 1593 2062 appetentissimos

175 2083 264 2110 esse
296 2068 498 2122 illamque
529 2067 803 2122 cupiditatem
834 2080 913 2107 nec
944 2068 1116 2119 recepta
1145 2065 1412 2106 institutione
1440 2065 1592 2118 puerili

172 2139 250 2166 nec
280 2125 390 2165 vitae
427 2124 728 2165 communitate
759 2124 803 2163 in
844 2137 941 2163 casu
979 2122 1118 2176 posita
1157 2121 1327 2175 expleri,
1369 2120 1590 2161 consilium

174 2181 291 2233 iniit,
331 2183 379 2220 ut
415 2194 520 2233 quae
559 2182 601 2221 et
635 2180 725 2233 ipse
756 2179 968 2220 subtiliter
999 2177 1313 2232 excogitaverat
1343 2178 1385 2217 et
1415 2177 1467 2217 ab
1500 2177 1593 2217 aliis

175 2239 287 2278 recte
325 2236 499 2276 inventa
538 2250 627 2276 esse
666 2235 849 2285 viderat,
891 2248 940 2275 ea
976 2234 1027 2274 ad
1068 2233 1286 2274 hominum
1324 2232 1508 2273 rationes
1545 2247 1593 2273 ac

177 2307 441 2334 communem
487 2292 815 2345 intelligentiam
856 2304 905 2330 ex
944 2293 1034 2330 arte
1070 2289 1476 2343 accommodaret.¹⁰)
1536 2288 1595 2329 Et

174 2349 219 2390 in
250 2348 329 2389 hac
361 2345 603 2402 disciplina,
643 2362 769 2401 quam
800 2347 1059 2387 tricesimum
1090 2345 1239 2386 aetatis
1270 2359 1429 2386 annum
1461 2358 1593 2399 agens

287 2462 322 2503 8)
348 2459 502 2496 Aristffl.
528 2458 601 2493 vol.
628 2458 688 2492 ΙΙΙ.
714 2468 748 2500 p.
775 2462 838 2492 517
871 2457 941 2500 (ed.
975 2457 1143 2492 Dindorf.
1178 2457 1248 2493 vol.
1274 2457 1319 2493 ΙΙ,
1346 2468 1379 2500 p.
1407 2460 1504 2497 407):
1545 2450 1593 2490 ου’

174 2507 319 2584 ἰῗΙσίας
345 2502 535 2583 ΠλάτΕωνα
566 2502 754 2547 σοφιστὴν
786 2504 901 2537 καλεῖ
925 2502 991 2537 καὶ
1015 2500 1134 2537 πάλιν
1160 2501 1362 2545 Αἰσχίνην;
1396 2513 1430 2535 v.
1456 2500 1590 2534 Athen.

288 2562 321 2638 ξ)
347 2594 429 2629 Non
461 2593 610 2635 dubito,
642 2592 730 2635 quin
762 2592 835 2625 iam
860 2590 1045 2635 Diogenes
1070 2591 1328 2635 Apolloniates
1360 2590 1592 2624 adversarios

176 2640 306 2675 cadem
331 2639 377 2673 de
403 2649 512 2673 causa
536 2637 719 2681 sophistas
745 2635 1004 2681 appellaverit,
1029 2636 1102 2679 yid.
1130 2635 1291 2679 simplic.
1317 2635 1354 2668 in
1380 2634 1488 2677 Phys.
1515 2638 1569 2669 32.

267 2686 322 2726 10)
347 2684 441 2718 Plat.
466 2684 616 2727 Protag.
642 2695 676 2727 p.
704 2687 768 2717 349
794 2682 842 2714 A:
874 2680 917 2716 σὺ
943 2681 999 2725 δὲ,
1026 2680 1053 2715 ὠ
1080 2679 1329 2725 Πρωταγόρα,
1356 2678 1591 2723 α’ναφανὸὸυ

176 2729 339 2764 σεαυτὸν
370 2726 707 2773 ὑποκηρυξάμενος
735 2726 787 2766 εἰς
813 2721 957 2765 πάντας
981 2723 1293 2768 τοὺς”Ελληνας,
1327 2723 1512 2768 σοφιστὴν
1529 2721 1591 2758 ἐπ-

177 2770 389 2818 ονομάσας,
416 2770 577 2808 σεαυτὸν
602 2768 805 2816 ἀπέφηνας
830 2767 1066 2810 παιδεύσεως
1091 2773 1154 2805 καὶ
1180 2768 1319 2813 ἀρετῆς
1345 2767 1592 2811 διδάσκαλον,

177 2821 322 2861 πρῶτος
359 2815 496 2853 τούτου
521 2815 673 2861 ’μισθὸν
704 2815 869 2860 α’ξιώσας
902 2813 1106 2858 ἄρνυσθαι.
1155 2815 1245 2850 ibid.
1276 2827 1310 2858 p.
1338 2819 1402 2849 317
1428 2814 1473 2848 B:
1506 2810 1591 2857 ὁμο-

181 2865 275 2907 λογῶ
301 2863 482 2907 σοφιστὴς
510 2861 610 2897 εἶναι
636 2863 700 2897 καὶ
726 2857 930 2896 παιδεύειν
956 2856 1195 2904 ἀνθρώπους.
