1907 3230
697 145 762 179 AD
787 145 980 181 PROTAG
989 146 1137 182 ORAM.
1593 152 1620 192 5

205 260 332 302 quam
363 246 628 298 instituebat,
661 259 748 286 non
779 248 866 287 tam
896 246 1107 288 intellexit
1137 247 1391 300 probitatem
1423 251 1464 289 et
1495 250 1623 292 hone-

172 305 357 344 'statem
387 326 443 332 —
473 302 595 343 huius
635 301 747 342 enim
787 302 947 355 primus
987 303 1190 356 magister
1226 304 1315 344 fuit
1346 304 1538 346 Socrates
1573 332 1620 336 —

203 372 329 412 quam
369 357 600 399 sollertiam
631 357 840 411 quandam
872 372 922 398 ac
952 359 1258 422 praestantiam
1289 361 1333 401 in
1365 361 1482 401 omni
1513 362 1622 402 vitae

203 413 445 455 conditione
483 416 526 455 et
565 413 748 454 cuiusvis
788 414 890 454 artis
932 428 1008 454 usu
1041 416 1311 468 conspicuam
1343 430 1526 470 suaeque
1557 417 1620 458 in-

201 470 437 510 stitutionis
482 469 753 531 praecipuam
792 471 956 522 partem
995 470 1101 510 dixit
1140 485 1230 511 esse
1269 473 1402 512 artem
1442 473 1621 513 dicendi.

205 525 307 574 Quis
339 528 403 566 est
433 529 572 566 autem
604 539 707 578 quin
738 528 890 578 sponte
921 525 1063 566 videat
1082 526 1194 567 hanc
1215 528 1294 568 viri
1314 528 1622 581 professionem

199 584 366 622 mentes
396 582 642 643 animosque
673 580 891 622 hominum
923 596 971 622 30
994 581 1283 624 vehementius
1305 584 1533 637 percellere
1555 585 1622 626 de-

201 638 352 690 buisse,
372 651 454 691 quo
471 638 607 691 magis
623 636 735 677 inter
744 637 1030 678 Athenienses
1047 638 1131 679 11113
1144 639 1405 692 temporibus
1415 641 1625 704 regnabat

198 693 464 748 publicorum
485 692 695 733 honorum
720 693 927 746 cupiditas
947 694 1142 747 malaque
1164 695 1369 736 ambitio?
1410 695 1623 737 Nimirum

198 751 258 790 ita
289 763 426 812 Ρ33113
455 749 708 790 necessitate
731 749 909 803 quadam
929 749 1090 790 factum
1113 752 1189 803 est,
1221 751 1331 804 quod
1351 751 1508 793 factam
1532 767 1622 794 3333

198 806 405 857 novimus,
424 807 472 845 ut
485 804 573 845 fere
590 805 732 846 nullus
754 807 865 846 esset
882 806 1016 846 laudis
1036 806 1226 860 cupidior
1244 807 1500 858 adolescens,
1518 809 1621 862 quin

200 875 244 902 se
274 861 350 902 tali
381 838 604 914 disciplina
635 863 677 902 et
706 861 973 902 institutione
1003 862 1086 902 frui
1118 876 1243 916 quam
1274 864 1456 905 maxime
1478 865 1619 905 vellet.

198 919 263 958 Ac
304 919 426 958 tanto
466 917 758 958 vehementius
797 916 901 958 haec
941 918 1081 958 studia
1119 919 1300 960 excitata
1339 922 1460 973 sunt,
1509 920 1621 974 quod

199 973 302 1014 artis
342 973 508 1014 dicendi
540 973 764 1027 disciplina
801 974 831 1013 ii
871 988 1018 1014 01111133
1057 974 1101 1015 111
1141 975 1228 1016 (1133
1259 976 1398 1029 magis
1428 976 1619 1030 indigere

197 1029 475 1080 videbantur,
516 1030 587 1082 qui
625 1029 667 1070 in
702 1044 777 1070 sua
806 1029 996 1083 ipsorum
1027 1030 1200 1071 civitate
1232 1032 1283 1072 ad
1315 1031 1500 1085 aliquam
1533 1032 1621 1086 glo-

197 1085 302 1126 iiam
342 1087 384 1126 et
423 1086 718 1126 auctoritatem
756 1086 977 1139 pervenire
1018 1087 1262 1140 cupiebant.
1322 1087 1381 1128 Et
1420 1088 1622 1141 quidquid

197 1141 263 1182 vel
301 1140 353 1182 ad
392 1141 627 1182 disserendi
668 1141 947 1182 subtilitatem
986 1142 1053 1182 vel
1090 1142 1142 1183 ad
1175 1143 1341 1184 dicendi
1372 1143 1621 1185 facultatem

197 1198 415 1250 pertinere
454 1197 686 1248 videretur,
725 1197 767 1238 id
798 1212 923 1238 omne
954 1197 1023 1238 1113
1054 1198 1247 1239 doctrina
1278 1202 1320 1240 et
1349 1200 1620 1241 institutione

197 1267 273 1293 sua
305 1252 546 1305 complexus
578 1255 654 1294 est.
717 1252 901 1294 Multum
932 1267 1083 1306 operae
1113 1255 1158 1295 in
1188 1255 1513 1318 grammaticam
1543 1256 1620 1296 im-

196 1309 365 1363 pendit,
405 1323 531 1362 quam
572 1309 702 1349 etiam
742 1309 911 1362 scriptis
949 1310 999 1349 de
1029 1311 1251 1351 nominum
1284 1311 1448 1365 origine
1480 1314 1522 1352 et
1551 1326 1622 1366 ge-

194 1365 366 1406 neribus
406 1367 531 1418 atque
571 1365 621 1405 de
658 1365 777 1405 varia
816 1366 1134 1406 enuntiatorum
1164 1367 1299 1407 forma
1330 1368 1521 1408 excolere
1553 1381 1619 1408 co-

194 1423 323 1462 natus
354 1423 437 1474 est3
480 1419 680 1461 tractavit
709 1421 812 1461 item
842 1421 1109 1472 rhetoricam,
1144 1423 1259 1463 cuius
1292 1423 1528 1464 efficaciam
1559 1427 1618 1464 at-

197 1491 276 1531 que
307 1477 392 1517 vim
423 1490 579 1531 augere
611 1478 653 1517 et
684 1477 943 1531 amplificare
973 1478 1135 1519 studuit
1155 1478 1380 1533 adsumpta
1400 1481 1621 1533 poetarum

196 1533 564 1587 interpretatione,
603 1547 710 1587 quae
741 1533 1007 1596 singulorum
1039 1534 1228 1575 locorum
1260 1537 1493 1576 sententias
1525 1536 1621 1576 sub-

195 1589 329 1630 tiliter
359 1590 605 1642 rimaretur,
639 1589 711 1630 sed
742 1590 932 1630 omnium
965 1590 1270 1631 studiosissime
1311 1591 1546 1632 elaboravit
1575 1592 1620 1632 in

198 1645 453 1699 dialecticis,
495 1648 542 1686 ut
573 1645 677 1686 adeo
710 1644 970 1687 Socraticam
1003 1646 1246 1700 disputandi
1277 1647 1488 1688 rationem
1521 1661 1621 1701 quo-

198 1701 422 1742 dammodo
454 1701 685 1755 praeivisse
705 1702 773 1742 vel
794 1701 1043 1742 formavisse
1065 1703 1275 1743 iudicatus
1297 1703 1363 1744 sit.
1372 1704 1422 1757 Η)
1469 1703 1622 1751 Quam-

196 1771 324 1811 quam
355 1771 404 1798 eo
437 1758 483 1797 in
514 1771 670 1811 genere
701 1760 878 1811 argutae
910 1757 1137 1799 subtilitati
1168 1761 1290 1811 atque
1322 1759 1506 1800 acumini
1530 1762 1620 1800 tan-

196 1816 288 1854 tum
320 1813 492 1866 tribuit,
525 1815 572 1853 ut
602 1827 673 1866 qul
705 1814 854 1854 sectati
886 1816 986 1854 sunt
1016 1814 1106 1854 eius
1137 1814 1428 1877 disciplinam,
1461 1815 1492 1855 ii
1522 1829 1621 1856 mox

198 1869 244 1909 in
281 1869 437 1910 malam
476 1869 687 1922 quandam
725 1869 992 1910 deferrentur
1032 1873 1182 1911 contra
1212 1871 1355 1911 omnia
1386 1847 1621 1912 disserendi

198 1925 560 1974 consuetudinem,
594 1939 677 1978 qua
707 1925 815 1966 nihil
846 1939 934 1966 non
966 1926 1117 1966 callide
1148 1929 1441 1980 perverterent
1471 1941 1520 1968 ac
1550 1941 1620 1968 va-

195 1981 270 2022 riis
300 1981 365 2022 usi
401 1981 624 2022 calumniis
644 1980 709 2022 vel
732 1995 781 2022 ea
803 1995 909 2035 quae
931 1984 1078 2035 aperta
1099 1996 1147 2023 ac
1169 1982 1396 2023 manifesta
1417 1982 1621 2024 deberent

194 2051 298 2090 3333,
329 2050 473 2078 rursus
503 2038 548 2077 in
582 2037 891 2078 dubitationem
923 2040 1138 2079 vocarent.
1199 2037 1335 2086 Quum
1366 2039 1499 2092 igitur
1520 2039 1621 2080 Pro-

192 2096 362 2147 tagoras
405 2093 490 2133 ista
533 2093 675 2134 omnia
716 2093 987 2147 profiteretur
1034 2094 1280 2148 nullumque
1320 2094 1620 2148 disputationis

194 2163 328 2204 genus
360 2163 384 2189 a
405 2163 449 2189 33
471 2149 656 2190 alienum
679 2163 769 2190 esse
791 2149 1027 2204 diceret¹⁵),
1057 2150 1182 2191 facile
1204 2153 1393 2204 apparet,
1425 2164 1509 2204 cur,
1540 2151 1574 2192 si
1596 2165 1621 2191 a

194 2206 356 2260 Gorgia
387 2204 648 2259 discesseris,
688 2208 925 2247 ceterorum
956 2205 1240 2269 sophistarum
1270 2206 1430 2247 famam
1460 2206 1620 2261 longis-

196 2261 301 2302 sime
332 2260 443 2315 apud
467 2260 650 2302 Graecos
681 2264 944 2316 superaverit
974 2277 1022 2303 30
1052 2265 1174 2303 tanto
1206 2262 1252 2303 in
1281 2262 1442 2303 honore
1471 2263 1526 2303 sit
1545 2263 1620 2303 ha-

194 2317 318 2368 bitus,
352 2320 399 2358 ut
428 2330 523 2358 eum
554 2331 688 2371 paene
719 2321 923 2372 tanquam
949 2318 1133 2372 aliquem
1155 2318 1278 2360 deum
1300 2321 1614 2360 venerarentur.

314 2429 369 2473 14)
395 2427 440 2462 V.
469 2428 575 2473 Diog
603 2427 957 2471 Laert.11137,1X
984 2433 1037 2464 57.

310 2476 364 2515 15)
389 2473 483 2507 Plat
510 2472 610 2507 Prot.
636 2476 756 2517 p334
776 2472 812 2513 C,
839 2478 904 2508 335
922 2473 950 2507 B
977 2474 1022 2511 31
1048 2494 1090 2498 -
1116 2473 1169 2508 De
1206 2473 1435 2518 Protagorae
1468 2477 1505 2507 et
1529 2473 1621 2507 Pro-

198 2518 272 2552 dici
296 2517 537 2552 veneratione
556 2485 664 2552 Plato
691 2518 736 2551 de
761 2527 838 2570 rep.
859 2529 895 2562 p.
913 2522 977 2553 600
996 2519 1022 2553 C
1046 2519 1138 2553 haec
1163 2518 1336 2552 tradidit:
1333 2516 1620 2573 Πρωταγόρας

193 2561 213 2598 ὃ
238 2560 457 2617 Ἀβδηρίτης
482 2576 547 2597 και
566 2561 759 2616 Πρόδικος
784 2559 803 2597 ὁ
824 2565 950 2614 Κεῖος
963 2561 1155 2598 δύνανται
1180 2567 1259 2603 τοῖς
1277 2560 1342 2616 ἐφ’
1363 2560 1508 2598 ἑαυτῶν
1526 2576 1619 2617 παρ-

198 2607 362 2650 ιστάναι,
389 2607 473 2654 ἰδίᾳ
500 2605 811 2664 συγγιγνόμενοι,
832 2620 883 2647 ως
908 2620 995 2643 ουτε
1020 2607 1149 2643 οἰκίαν
1168 2620 1257 2643 ουτε
1274 2605 1386 2642 πόλιν
1404 2604 1474 2659 τὴν
1494 2605 1620 2642 αὐτῶν

195 2654 358 2687 &mmm
389 2643 468 2686 οἷοί
497 2666 516 2686 τ
566 2653 737 2695 ἔσονται,
771 2650 838 2687 ἐὰν
870 2650 920 2697 μὴ
953 2657 1066 2707 σφεῖς
1100 2649 1226 2688 αὐτῶν
1253 2650 1526 2696 ἔπιστατήσωσι
1536 2653 1619 2705 τῆς

194 2698 396 2751 mandatas-3
429 2697 496 2731 καὶ
521 2694 582 2733 ἐπὶ
608 2696 729 2742 ταύτῃ
755 2697 799 2743 τῇ
825 2699 944 2746 σοφίᾳ
971 2694 1071 2733 οὕτω
1097 2696 1267 2752 σφόδρα
1275 2697 1496 2751 φιλοῦνται,
1525 2692 1618 2731 ω’στε

194 2738 312 2786 μόνον
349 2740 418 2777 οὐκ
454 2739 517 2776 ἐπὶ
553 2747 640 2784 ταῖς
676 2747 865 2786 κεφαλαῖς
901 2743 1174 2793 περιφέρουσιν
1213 2739 1360 2782 αύτούς
1391 2741 1430 2776 οἱ
1460 2739 1615 2784 ἑταῖροι.

194 2787 328 2822 Aetate
346 2787 571 2830 Protagoras
596 2791 635 2823 et
658 2787 816 2822 Prodico
842 2788 879 2821 et
897 2786 1042 2822 Socrati
1067 2787 1245 2829 anteibat,
1271 2788 1311 2821 ut
1335 2787 1413 2831 ipse
1433 2786 1621 2830 eloquitur

195 2831 232 2864 111
256 2831 350 2866 Plat.
377 2831 528 2875 Protag.
555 2845 590 2877 p
609 2837 673 2868 317
693 2831 732 2866 C.
