1907 3230
582 138 917 176 PROTAGORAS.
942 138 980 176 P.
1006 142 1071 174 329
1096 138 1161 174 ST.

1502 138 1581 182 103

165 243 504 297 ἀποκρίνασθαι
525 239 628 284 οὔτε
650 239 777 282 αὐτοὶ
808 239 1004 294 ἐρέσθαι,
1036 237 1133 280 ἀλλ’
1171 239 1250 281 ἐάν
1279 254 1344 288 τις
1374 239 1447 280 καὶ
1478 250 1580 292 σμι-

167 306 280 364 κρὸν
329 309 586 364 ἐπερωτήσῃ
626 324 667 350 τι
709 309 799 348 τῶν
844 306 1090 360 ῥηθέντων,
1134 304 1285 361 ὥσπερ
1329 305 1380 346 τὰ
1421 308 1580 359 χαλκία

167 378 392 432 πληγέντα
421 375 595 431 μακρὸν
623 371 724 429 η’χεῖ
750 375 821 415 καὶ
851 371 1090 425 ἀποτείνει,
1123 371 1205 415 ε’ἀν
1234 370 1292 427 μὴ
1316 372 1580 427 ἐπιλάβηταί
1638 392 1641 394 ·
1680 386 1704 390 ”
1760 390 1767 394 ’

167 460 254 498 τις,
302 444 376 485 καὶ
413 444 460 486 οἱ
493 442 670 497 ῥήτορες
708 439 826 483 οὕτω
866 438 1024 495 σμικροὶ
1064 440 1364 494 ἐρωτηθέντες
1400 440 1582 494 δόλιχον

340 568 477 612 χαλκ’
461 581 473 601 ι
486 579 509 600 α
535 564 667 609 scripsi
689 574 756 608 pro
775 567 943 609 χαλκεῖα,
967 563 1068 607 quod
1084 563 1114 597 B
1125 563 1154 597 T
1172 564 1211 598 et
1227 563 1407 598 editiones
1424 563 1577 606 habent,

168 612 212 647 cf.
239 571 383 646 Pocgl'lux.
408 611 440 645 X
467 614 548 652 122,
574 611 612 644 et
642 610 712 644 hoc
742 609 871 663 vocab.
906 608 1042 653 CratyL
1073 619 1109 652 p

1135 612 1202 643 430
1226 609 1258 642 A
1292 609 1332 643 εἷ’
1355 621 1390 642 τι
1423 609 1580 652 χαλκίον

167 660 246 701 (vas
278 659 448 694 aeneum)
481 650 649 699 κινήσειε
681 653 842 707 κρούσας
872 656 912 687 in
945 653 974 686 B
1005 655 1042 688 et
1072 654 1102 688 T
1133 652 1212 688 sine
1245 666 1262 688 ε
1289 654 1485 688 exaratum
1510 653 1580 689 est,

166 706 197 736 4.
224 698 415 746 δόλιχον
441 700 660 745 Stephanus.
710 696 866 744 δολιχὸν
889 698 970 732 ΒΤ.

166 809 838 856 ἔχουσι-ἐρὲσθαι]80οΡ10080-

164 858 286 892 crates
309 857 347 890 in
372 857 442 891 hac
466 857 698 907 quaestione,
724 866 837 900 quarn

165 902 211 936 de
229 901 408 936 virtutum
426 901 682 935 coniunctione
701 902 738 935 et
755 910 838 934 con-

165 946 369 991 spiratione
394 945 570 987 instituit,
597 945 838 980 contionandi

166 994 204 1026 et
243 990 478 1035 colloquendi
517 990 714 1025 discrimen
760 1000 836 1024 me-

164 1038 287 1070 morat
312 1037 350 1070 et
373 1036 632 1079 Protagoram,
660 1034 724 1078 qui
749 1034 836 1069 utri-

166 1091 281 1124 usque
307 1081 521 1124 disputandi
545 1082 691 1125 generis
709 1080 757 1113 sit
773 1090 837 1124 pe-

165 1125 276 1167 ritus,
313 1126 438 1170 rogat,
477 1127 519 1159 ut
554 1126 624 1159 hoc
659 1125 750 1159 velit
784 1125 838 1158 uti

164 1171 187 1204 i.
208 1181 239 1205 e.
260 1171 301 1204 ut
325 1171 386 1204 lon
417 1170 446 1204 is
472 1169 701 1204 orationibus
719 1169 837 1204 missis

165 1215 328 1249 breviter
353 1227 397 1249 ve
430 1213 689 1259 respondendo
708 1214 792 1248 vel
783 1225 836 1248 in-

161 1259 391 1304 terrogando
406 1270 594 1294 sermones
610 1270 733 1293 secum
751 1269 837 1293 con-

162 1304 268 1341 ferat.
317 1303 388 1338 Pro
424 1299 542 1339 ουὸὲν
569 1302 720 1347 ἔχουσιν
747 1316 836 1338 ουτε

163 1361 297 1392 αποκρ.
337 1345 423 1384 οὕτε
465 1346 624 1405 ἐρέσθαι
671 1348 836 1382 breviter

161 1393 236 1427 dici
253 1394 377 1438 potuit
401 1389 471 1428 οὐκ
497 1391 723 1428 ἐπιστανται
750 1394 833 1428 δια-

164 1439 355 1495 λέγεσθαι
384 1438 521 1491 Cratyl.
547 1450 583 1483 p.
608 1442 674 1473 390
699 1437 742 1472 C:
768 1435 833 1472 τὸν

162 1480 306 1536 ε’ρωταν
337 1483 402 1518 καὶ
436 1479 718 1535 ἀποκρίνεσθαι
757 1479 835 1517 ἐπι-

161 1526 351 1573 στάμενον
386 1527 477 1563 ἄλλο
508 1542 544 1562 τι
577 1526 622 1562 σύ
653 1530 783 1567 καλεῖς
812 1522 831 1572 ἢ

163 1571 426 1616 διαλεκτικόν;
467 1569 560 1612 Ουκ,
588 1570 682 1607 ἀλλὰ
708 1574 832 1609 τοῦτο.

163 1618 259 1653 Male
285 1618 377 1653 haec
401 1619 519 1653 verba
543 1617 743 1668 accipiunt,
770 1617 834 1661 qui

161 1664 328 1698 oratores
361 1674 474 1706 quum
505 1662 729 1706 interrogati
760 1662 834 1696 sint

159 1709 309 1743 omnino
341 1709 465 1742 tacere
498 1707 744 1748 arbitrentur3
777 1718 833 1741 re-

160 1752 345 1796 spondent
380 1752 452 1794 illi,
496 1752 561 1786 sed
597 1762 669 1785 non
706 1734 753 1785 ad
790 1763 834 1786 ea

161 1808 256 1840 quae
287 1808 331 1832 ex
362 1796 406 1831 iis
438 1795 609 1840 quaesita
640 1797 746 1830 erant
769 1807 832 1830 ne-

160 1853 230 1885 que
262 1842 334 1884 ita,
366 1843 408 1875 ut
436 1842 700 1885 interrogantis
724 1840 833 1875 intel-

159 1886 277 1921 lectus
308 1887 490 1921 rationem
522 1886 704 1928 habeant,
742 1896 832 1929 qua-

158 1933 313 2010 propter
343 1931 447 1966 libris
478 1930 615 1965 similes
647 1930 832 1973 dicuntur,

159 1987 194 2010 v.
253 1976 379 2011 haedr.
406 1987 440 2020 p.
466 1980 530 2011 ‘275
554 1975 585 2010 D
606 1986 701 2020 sqq.‚
739 1986 832 2009 sem-

157 2031 298 2065 perque
338 2021 488 2065 longam
528 2032 654 2055 rursus
695 2020 830 2055 oratio-

158 2076 243 2100 nern
270 2066 475 2100 ordiuntur.
525 2065 626 2101 Conf.
653 2065 830 2101 Themist.

188 2115 286 2147 ,253
306 2110 347 2145 C·
375 2109 410 2145 εἰ
434 2109 478 2146 δε
505 2109 553 2163 δὴ
582 2110 645 2146 καὶ
671 2107 830 2163 ἐρέσθαι
852 2128 854 2130 -

180 2153 435 2210 πιχειρήσεις,
474 2152 524 2200 μὴ
567 2156 695 2195 συνεὶς
735 2169 754 2190 ο
796 2168 832 2189 τι

160 2201 328 2254 εἴρηκεν,
368 2198 479 2254 ἑτέρῳ
505 2197 719 2253 περιπλήξῃ
749 2195 832 2254 ᾇνό-

157 2258 261 2289 ματι
255 2244 548 2297 δυσκολώτερον
563 2241 830 2301 ὦνομασμὲνω·

157 2295 340 2329 περανεῖς
390 2290 431 2325 δὲ
481 2285 665 2324 οὐδέποτε
715 2281 831 2325 οὐδεν

156 2333 234 2373 κτὲ.

205 2385 234 2418 2,
277 2377 329 2415 τὰ
370 2380 540 2425 χαλκία
575 2376 828 2433 πληγέντα]

157 2425 361 2460 Menander
392 2424 456 2479 (IV
479 2429 522 2459 89
545 2423 749 2466 Meineke):
788 2437 828 2458 το

158 2471 394 2506 Δωδωναῖον
421 2466 468 2505 α’ν
494 2483 550 2522 τις
585 2471 757 2523 χαλκίον,
781 2463 830 2504 uO

159 2515 338 2569 λέγουσιν
358 2511 479 2568 ἠχεῖν,
505 2528 553 2549 αν
579 2512 832 2569 παροίψηθ’

157 2559 177 2595 ὁ
214 2572 380 2613 παριων,
421 2558 502 2603 Τὴν
539 2555 687 2613 ἡμέραν
723 2553 829 2613 ολην,

157 2603 401 2640 καταπαύσαι
434 2605 579 2639 θᾶττον
615 2618 638 2648 η
676 2603 830 2648 Ταύτην

158 2651 368 2685 λαλοῦσαν·
396 2648 519 2684 νύκτα
544 2646 616 2693 γὰρ
641 2653 827 2692 προσλαμ-

157 2692 285 2745 βαίνει,
324 2695 368 2731 cf.
408 2694 579 2728 ultimum
617 2693 829 2739 exemplum

158 2750 347 2784 prommae
373 2742 495 2776 notae.

203 2789 233 2821 3
271 2782 447 2829 μακρὸν
482 2783 608 2829 ηχεῖ]
648 2783 829 2818 Neutrum

158 2828 288 2864 eodem
324 2830 432 2864 modo
471 2839 553 2864 cum
589 2829 669 2863 aliis
705 2827 829 2863 verbis

906 819 1035 843 sonum
1068 809 1253 852 quendam
1285 809 1580 853 significantibus

906 854 1159 908 coniungitur,
1192 865 1304 899 supra
1328 866 1364 898 p
1390 857 1456 888 310
1480 853 1509 888 Β
1535 855 1580 899 τῇ

908 898 1016 945 φωνῇ
1042 911 1138 953 μεγα
1165 900 1294 942 λέγων,
1320 897 1578 943 ρ.3341)μεῑ-

906 946 969 986 ζον
985 935 1243 996 φθέγγεσθαι
1261 943 1420 996 Euthyd.
1429 955 1465 989 p.
1476 912 1579 978 305ss

907 987 1160 1043 φθεγγόμενα
1192 990 1258 1024 καὶ
1288 988 1436 1044 βοῶντα
1474 987 1579 1042 μέγι-

906 1045 995 1068 στου
1025 1033 1072 1068 τὰ
1111 1034 1266 1078 σιδήρια
1304 1033 1471 1078 λέγεται,
1510 1030 1579 1068 ἐάν

905 1091 963 1118 τις
993 1072 1193 1132 ἅψηται,
1210 1080 1249 1113 et
1264 1080 1392 1113 notum
1409 1078 1579 1114 Homeri—

906 1134 990 1157 cum
1015 1121 1162 1168 μακρὸν
1186 1121 1330 1161 οἷϋτεῖν

952 1166 1212 1213 ἀποτείνει]
1239 1169 1317 1203 Hoc
1337 1168 1505 1210 verbum,
1531 1168 1580 1202 ad

907 1213 1008 1256 quod
1045 1225 1089 1248 ex
1122 1213 1433 1268 praecedentibus
1470 1213 1578 1247 facile

905 1257 1097 1302 intelligas
1122 1256 1192 1302 τὴν
1224 1255 1340 1309 ᾔχην,
1378 1258 1456 1293 sine
1489 1268 1578 1292 casu

906 1303 945 1336 et
968 1303 1135 1338 absolute
1152 1303 1315 1348 positum
1333 1304 1389 1338 est
1405 1303 1447 1337 ut
1463 1315 1579 1337 κατα-

904 1347 1016 1382 τείνω
1042 1347 1088 1382 de
1113 1358 1191 1392 rep
1207 1361 1240 1392 p.
1254 1348 1372 1390 367B,
1400 1347 1448 1385 ad
1466 1358 1579 1400 quem

904 1392 1025 1444 lochum
1050 1393 1087 1426 in
1106 1392 1135 1426 Τ
1160 1393 1362 1444 ascriptum
1389 1394 1461 1427 est:
1490 1391 1577 1427 ἀντὶ

902 1437 971 1471 τοῦ
997 1436 1142 1481 μακρὸν
1177 1434 1288 1481 λόγον
1323 1436 1579 1496 διεξέρχομαι,

903 1482 948 1516 cf.
965 1482 1077 1527 Gorg
1086 1494 1133 1537 p.
1148 1482 1274 1519 458B:
1302 1482 1366 1517 καὶ
1391 1482 1464 1518 νῦν
1491 1483 1579 1522 ἴσως

902 1527 1030 1570 πόρρω
1075 1525 1357 1578 ἀποτενοῦμεν
1399 1524 1450 1580 ἢν
1491 1529 1578 1562 δια-

903 1572 1118 1630 λεγωμεθα,
1142 1584 1164 1610 1.
1180 1583 1212 1607 e.
1230 1569 1576 1617 μακρολογήσομεν.

948 1615 1250 1668 ἐπιλάβηται]
1275 1617 1480 1662 Eleganter
1496 1628 1577 1652 ver-

902 1662 992 1713 bum
1017 1663 1180 1706 positum
1206 1665 1271 1703 est,
1299 1674 1413 1707 quum
1439 1669 1478 1697 et
1493 1673 1576 1707 pro-

902 1707 982 1751 prie
1020 1708 1066 1742 de
1101 1707 1145 1742 iis
1183 1707 1347 1749 dicatur,
1388 1708 1452 1750 qui
1490 1717 1577 1741 vasa

903 1753 1138 1786 contrectant
1162 1763 1280 1795 eoque
1298 1762 1430 1786 sonum
1448 1762 1574 1786 eorum

902 1797 1575 1885 ἒίἷὶᾚὲἱ533ῗὸῑῖῗὲἷίἓὲιὲἮὲ

901 1886 1112 1930 poscendae
1161 1887 1285 1929 causa)
1335 1889 1372 1921 et
1419 1886 1573 1921 redar-

936 1942 1041 1966 uere
1068 1931 1185 1966 veluti
1210 1931 1375 1976 Sympos
1400 1943 1436 1976 p.
1454 1931 1574 1968 214Ε.

902 1943 1014 2020 ἕως.
1039 1988 1075 2021 p.
1100 1980 1165 2011 469
1192 1975 1228 2011 C
1256 1976 1303 2010 al.

945 2025 977 2055 4.
1016 2021 1094 2056 καὶ
1132 2020 1178 2056 οἵ
1212 2019 1403 2065 ῥήτορες
1440 2016 1572 2073 οὕτω]

899 2066 1095 2101 referenda
1122 2036 1330 2100 1100090001,
1370 2065 1418 2100 ad
1450 2077 1574 2109 ωσπερ

900 2110 944 2145 τὰ
972 2112 1111 2154 χαλκία
1135 2114 1197 2146 πλ.
1217 2125 1253 2155 μ.
1275 2107 1372 2189 ἡξει.
1399 2109 1575 2155 Vulgaris

901 2155 1078 2209 loquendi
1123 2156 1301 2190 consuetu
1331 2165 1351 2189 0
1400 2155 1575 2200 exigebat

902 2213 999 2235 ουτω
1025 2201 1090 2236 καὶ
1116 2199 1153 2235 οἱ
1177 2198 1333 2252 ῥήτορες
1358 2211 1428 2254 σμ.,
1456 2201 1500 2237 cf.
1527 2199 1573 2235 de

900 2255 977 2299 rep.
1005 2245 1073 2298 ΙΡ,
1093 2249 1158 2280 354
1174 2248 1214 2279 B:
1242 2257 1364 2303 ωσπερ
1389 2243 1427 2280 οἱ
1449 2247 1573 2289 λίχνοι

900 2287 1171 2343 οἷπογευονται,
1196 2292 1261 2325 καὶ
1287 2287 1326 2335 ἐγ
1331 2304 1358 2324 ω
1383 2303 1447 2333 μοι
1473 2291 1574 2325 δοκῶ

901 2347 1019 2375 ουτως
1044 2349 1076 2370 κ.
1102 2350 1133 2371 τ.
1162 2339 1192 2370 λ.
1209 2305 1330 2390 IXp.
1349 2336 1475 2370 585A:
1503 2347 1572 2370 ωσ-

899 2392 969 2422 περ
995 2378 1037 2415 δε
1063 2379 1157 2424 πρὸς
1183 2377 1223 2414 τὸ
1255 2381 1381 2433 μέλαν
1407 2392 1572 2414 αποσκο-

898 2425 1080 2476 ποῦντες,
1122 2427 1187 2460 καὶ
1218 2422 1314 2469 πρὸς
1345 2421 1386 2460 τὸ
1425 2420 1573 2459 ἄλυπον

900 2482 1018 2510 ουτως
1043 2484 1075 2504 κ.
1102 2485 1131 2507 τ,
1160 2473 1192 2504 λ.
1217 2470 1374 2507 Phaedr.
1392 2481 1429 2514 p.
1449 2469 1571 2504 230D.

899 2515 945 2549 al.
970 2514 1099 2550 Stallb.

945 2556 1139 2605 δόλιχον
1188 2561 1265 2594 τοῦ
1316 2558 1470 2603 λόγου]
1512 2558 1572 2593 Ad

900 2605 1091 2657 vulgatam
1145 2605 1367 2649 scripturam
1415 2605 1497 2639 ὃολι
1526 2601 1572 2639 ὸν

899 2651 966 2685 τοῦ
993 2648 1058 2694 λόγ
1062 2663 1107 2685 ου
1132 2649 1310 2684 tuendam
1336 2649 1461 2683 Astius
1486 2660 1510 2693 p
1528 2661 1569 2684 u-

897 2705 956 2730 res
980 2695 1080 2729 locos
1099 2694 1236 2735 attulit,
1265 2694 1399 2738 quibus
1417 2693 1569 2729 adiecti-

899 2751 986 2773 vum
1023 2751 1107 2774 cum
1143 2705 1308 2783 geni'tivo
1349 2738 1571 2774 substantivi

899 2783 1062 2820 eiusdem
1116 2785 1233 2819 eneris
1257 2784 1502 2829 componitur,
1528 2784 1571 2818 ut

898 2828 1065 2875 Xenoph.
1119 2840 1223 2874 yrop.
1250 2829 1302 2864 111
1333 2834 1373 2873 2,
1406 2833 1442 2864 2;
1484 2840 1570 2863 σκο-
