1907 3230
639 505 1059 554 PRAEFATIO.

780 642 954 649 ...η-ῳ.-

263 732 531 774 Godofredus
581 731 907 797 StallbaumiuS‚
958 746 1039 787 quo
1086 733 1235 772 nostra
1274 731 1477 772 memoria
1514 730 1563 772 de

150 789 346 832 Platonis
377 789 546 843 scriptis
578 790 786 831 universis
816 789 966 831 melius
994 802 1118 829 nemo
1139 788 1305 841 meruit,
1338 787 1565 829 secundam

148 845 378 887 editionem
429 845 552 886 huius
604 846 761 901 dialogi
812 860 923 887 anno
973 845 1080 886 1840
1124 844 1358 885 adornavit.
1439 843 1565 886 Cuius

148 902 346 944 editionis
390 903 679 944 retractandae
724 918 822 944 cura
867 917 996 957 quum
1043 900 1147 942 mihi
1192 900 1393 942 mandata
1440 903 1563 953 esset,

145 959 190 1001 id
233 958 445 1013 agendum
488 960 654 1013 putavi,
701 966 746 1001 ut
793 973 898 1014 quae
938 957 1238 1000 Stallbaumius
1283 957 1333 998 ad
1372 956 1567 998 Platonis

145 1015 273 1058 verba
303 1018 570 1070 mentemque
603 1018 715 1058 recte
747 1015 1028 1070 intelligenda
1058 1015 1318 1077 scripsisset,
1352 1028 1446 1055 cum
1469 1014 1566 1055 reli-

147 1073 274 1128 gione
315 1086 547 1125 servarem,
588 1087 694 1127 quae
731 1073 855 1114 hodie
895 1072 1138 1126 legentibus
1168 1085 1262 1112 113111
1292 1085 1377 1112 non
1411 1073 1565 1125 essent,

147 1129 392 1171 inducerem
442 1131 484 1170 et
533 1129 728 1171 delerem.
796 1129 944 1184 Itaque
993 1128 1129 1169 virum
1181 1128 1472 1169 doctissimum
1523 1127 1568 1168 in

151 1185 359 1228 sermonis
401 1190 653 1239 argumento
685 1186 933 1240 explicando
965 1185 1112 1225 ducem
1143 1186 1310 1226 secutus
1341 1199 1457 1237 sum,
1497 1184 1569 1225 sed

151 1256 256 1297 quae
297 1241 347 1281 de
387 1242 610 1295 sophistis,
650 1243 699 1283 de
739 1243 872 1284 totius
912 1241 1212 1295 disputationis
1241 1241 1479 1294 proposito,
1519 1241 1569 1281 de

151 1302 343 1352 tempore
383 1311 512 1352 quum
551 1298 750 1353 colloquii
789 1298 925 1339 habiti
963 1301 1053 1339 tum
1092 1297 1190 1338 libri
1229 1297 1459 1351 conscripti
1489 1296 1571 1338 dis-

157 1357 405 1410 putaverat,
448 1369 498 1396 ea
534 1354 639 1395 mihi
678 1370 766 1397 non
807 1355 985 1409 probata
1016 1356 1127 1395 sunt
1188 1351 1352 1394 Deinde
1382 1354 1428 1394 in
1457 1354 1571 1395 notis

154 1411 313 1452 criticis
353 1425 461 1465 quae
499 1414 706 1452 vocantur
743 1412 942 1475 pleraque
980 1411 1141 1452 intacta
1179 1409 1327 1464 reliqui
1360 1410 1493 1464 iisque
1525 1424 1573 1451 ea

159 1482 266 1522 quae
298 1466 364 1508 his
396 1468 520 1508 annis
552 1468 603 1508 ad
635 1469 851 1523 seiiptoris
881 1468 1008 1509 verba
1040 1466 1300 1509 emendanda
1331 1468 1574 1519 excogitata

153 1526 252 1566 sunt
309 1524 567 1587 probabilia,
627 1525 852 1580 adscripsi,
914 1524 1015 1565 alias
1066 1528 1206 1565 autem
1257 1524 1570 1574 annotationes,

154 1581 304 1635 quibus
347 1581 412 1622 vir
455 1583 758 1636 grammaticae
797 1581 1029 1623 subtilioris
1067 1581 1178 1622 inter
1216 1594 1372 1634 paucos
1410 1581 1572 1634 peritus

153 1639 238 1678 iam
287 1639 386 1678 ante
425 1638 609 1693 quinque
649 1639 784 1680 lustia
821 1641 934 1680 recte
975 1638 1102 1679 verba
1139 1638 1440 1691 interpretatus
1481 1640 1574 1678 erat

153 1695 219 1736 vel
266 1708 332 1735 res
378 1695 681 1749 explicaverat,
728 1695 978 1737 Stallbaumi
1018 1694 1189 1736 nomine
1228 1694 1457 1748 insignitas
1497 1707 1572 1734 suo

154 1766 359 1806 quamque
396 1752 490 1792 loco
530 1752 661 1792 lector
699 1752 898 1793 inveniet.
959 1751 1152 1805 Denique
1192 1764 1257 1791 me
1298 1750 1500 1804 profiteor
1529 1750 1574 1791 in

154 1808 346 1850 Platonis
378 1808 570 1849 oratione
602 1808 898 1849 constituenda
928 1823 952 1849 a
982 1807 1341 1850 Stallbaumianae
1375 1806 1573 1848 editionis

156 1866 365 1919 scriptura
394 1878 480 1905 non
510 1865 655 1919 paucis
687 1865 789 1906 locis
820 1866 1053 1918 recessisse,
1087 1864 1238 1918 quibus
1265 1863 1381 1904 illam
1406 1863 1575 1917 quidem

155 1922 224 1963 vel
263 1922 312 1962 de
352 1921 532 1962 aliorum
574 1922 829 1963 coniecturis
868 1921 934 1963 vel
965 1921 1016 1961 de
1047 1922 1151 1962 meis
1182 1921 1227 1961 in
1258 1921 1483 1974 pristinam
1514 1920 1577 1960 in-

155 1977 403 2033 tegritatem
443 1978 721 2021 restituerem.
783 1978 909 2020 Cuius
940 1977 1127 2019 instituti
1158 1977 1364 2018 rationem
1394 1976 1575 2031 singulis

160 2034 268 2076 locis
316 2033 477 2075 reddidi
518 2037 560 2076 et
595 2034 796 2088 quidquid
833 2035 924 2089 ipse
963 2034 1137 2087 novavi,
1185 2033 1310 2087 plena
1348 2047 1576 2087 argumen-

161 2091 322 2133 tatione
355 2091 554 2131 defendi
544 2106 589 2132 m
611 2090 769 2133 Studiis
792 2091 1073 2146 philologieis,
1105 2090 1275 2131 insertis
1299 2089 1577 2131 Fleckeisenii

161 2147 403 2188 Annalibus
433 2147 580 2201 philol.
614 2147 774 2189 classic.
812 2148 917 2189 1863
947 2163 987 2202 p.
1021 2147 1270 2189 825-856.

276 2203 358 2245 Sed
389 2203 493 2244 haec
524 2204 692 2258 quidem
723 2204 927 2246 hactenus
959 2205 1008 2245 de
1039 2204 1200 2245 ratione
1228 2203 1271 2244 in
1294 2203 1373 2245 hac
1395 2202 1578 2244 editione

162 2260 346 2302 curanda
386 2275 409 2301 a
439 2274 506 2301 me
536 2261 655 2302 inita.
716 2261 830 2310 Quae
862 2264 908 2302 ut
937 2261 987 2302 ad
1019 2261 1262 2302 interiorem
1293 2259 1391 2301 libri
1422 2259 1577 2301 intelli—

161 2318 348 2373 gentiam
402 2317 559 2372 aliquid
605 2318 798 2359 conferat
844 2320 885 2359 et
929 2332 953 2359 a
997 2317 1096 2359 viris
1142 2317 1292 2358 harum
1340 2316 1576 2358 litterarum

160 2373 358 2416 studiosis
390 2374 533 2415 favore
565 2374 818 2430 excipiatur,
851 2389 900 2416 ex
932 2375 1073 2416 animo
1104 2377 1218 2429 opto.

273 2442 519 2486 Scribebam
550 2442 777 2497 ERFURTI,
809 2442 1011 2484 Kalendis
1040 2442 1167 2485 Juliis
1199 2452 1461 2483 MDCCCLXV.
