1939 3214
326 148 380 189 62
915 146 1154 182 PLATONIS

273 260 304 295 D
325 249 414 303 γὰρ
446 247 535 302 ἄρα
565 249 640 290 καὶ
662 247 889 330 Πρόδικος
921 246 943 289 6
974 251 1122 303 Κεῖος,
1153 241 1212 302 ἦν
1243 248 1291 291 δὲ
1325 248 1374 290 ἐν
1405 250 1614 305 οἰκήματί
1642 265 1747 305 τινι,

326 317 359 372 ςὸ
400 315 486 370 πρὸ
524 319 604 358 τοῦ
641 332 724 370 μεν
763 313 824 365 ὠς
861 317 1043 371 ταμιείῳ
1083 316 1240 372 ἐχρῆτο
1274 314 1545 371 Ιππόνικος,
1578 321 1667 361 νῦν
1697 319 1748 360 δὲ

324 381 415 425 ὑπὸ
444 385 525 425 τοῦ
555 383 759 438 πλήθους
788 399 880 425 των
910 382 1230 426 καταλυόντων
1260 381 1283 426 6
1303 386 1500 433 Καλλίας
1520 387 1595 427 καὶ
1614 388 1748 428 τοῦτο

326 450 579 499 ἐκκενώσας
611 451 750 501 ξένοις
781 451 1032 493 κατάλυσιν
1061 454 1318 506 πεποίηκεν.
1360 450 1383 494 ὁ
1414 452 1497 506 μὲν
1517 447 1602 494 οὖν
1622 453 1746 509 Πρό-

325 520 448 568 δικος
479 520 541 560 ἔτι
572 519 812 573 κατέκειτο,
848 519 1235 572 ἐγκεκαλυμμένος
1267 520 1317 562 έν
1346 521 1525 577 κῳδίοις
1553 521 1643 562 τισὶ
1673 520 1747 562 καὶ
1770 531 1790 557 5

325 587 554 641 στρώμασι
585 587 658 627 καὶ
689 585 808 640 μάλα
837 588 1043 640 πολλοῖς,
1077 583 1137 635 ὥς
1168 586 1395 641 ἐφαίνετο·
1429 589 1748 643 παρεκάθηντο

324 654 373 695 δὲ
413 652 535 708 αὐτῷ
574 654 645 695 ἐπὶ
687 661 782 703 ταῖς
820 656 1012 708 πλησίον
1049 656 1223 705 κλίναις
1253 658 1520 704 Παυσανίας
1557 671 1604 697 τε
1643 653 1666 697 ὁ
1699 655 1750 698 ἐκ

322 722 568 777 Κεραμέων
606 719 680 762 καὶ
717 720 827 775 μετὰ
866 724 1136 764 Παυσανίου
1173 723 1278 765 νέον
1316 739 1356 764 τι
1396 725 1458 765 ἔτι
1488 723 1738 778 μειράκιον,

271 800 299 835 Ε
327 787 386 839 (ὃς
423 789 506 843 μὲν
546 782 735 845 ἐγῷμαι,
776 787 916 831 καλόν
954 805 999 832 τε
1038 788 1242 844 κάγαθὸν
1283 789 1365 845 τὴν
1403 790 1559 846 φύσιν,
1591 790 1674 846 τὴν
1704 790 1744 833 δ’

440 928 468 959 1.
493 920 582 966 ἄρα
607 926 701 960 καὶε
728 935 794 969 pro
821 919 868 969 ἅρ
873 925 942 960 αΒ
967 925 1084 961 habet
1109 939 1166 971 ρα,
1194 926 1259 961 καὶ
1284 937 1355 962 om.
1373 926 1413 963 Τ
1439 925 1487 967 ὡς
1512 926 1635 961 omitti
1660 927 1741 962 vult

323 969 544 1049 gpggsseuad
569 970 759 1015 Aristoph.
787 939 886 1008 Plupt
913 976 996 1014 314,
1021 971 1087 1007 sed
1109 940 1215 1006 nulla
1241 974 1297 1006 est
1321 983 1445 1015 causa,
1472 984 1536 1007 cur
1560 972 1751 1017 particula

324 1128 372 1171 (v.
398 1139 434 1172 p
459 1132 524 1162 314
541 1127 585 1171 B)
611 1148 653 1152 —
678 1127 857 1162 Prodicus
888 1128 1003 1163 etiam
1073 1130 1246 1170 tandum,
1279 1130 1378 1173 quod.
1405 1140 1448 1163 eo
1472 1129 1554 1173 ipso
1579 1131 1752 1174 tempore

325 1173 427 1207 Ceus.
461 1193 503 1197 —
530 1172 762 1208 Vocabulum
795 1171 1002 1217 οἰκήματος
1071 1175 1181 1209 multi
1205 1174 1372 1209 homines
1398 1175 1562 1219 undique
1580 1175 1751 1210 Athenas

323 1217 496 1261 usurpari
513 1218 608 1252 solet
633 1219 678 1253 de
699 1219 854 1263 singulis
875 1219 1000 1254 aedifi·
1072 1220 1271 1255 convenire
1296 1220 1482 1262 solebant3
1508 1232 1542 1257 v
1561 1220 1682 1255 Schol.
1701 1220 1749 1255 ad

323 1264 462 1297 ciorum
481 1264 661 1306 partibus,
686 1264 740 1298 ita
757 1266 798 1298 ut
813 1275 881 1308 pro
900 1265 1002 1299 varia
1072 1266 1260 1310 Aristoph
1288 1265 1378 1300 Ach.
1403 1278 1437 1300 v.
1462 1269 1527 1300 503
1532 1276 1597 1320 sq.

323 1308 552 1359 singulorum
579 1311 744 1343 locorum
770 1309 913 1344 ratione
939 1321 1000 1344 va
1117 1315 1148 1349 6
1180 1312 1273 1346 τισὶ
1299 1331 1339 1336 ——
1364 1311 1444 1345 καὶ
1480 1309 1605 1356 μάλα
1641 1314 1748 1345 πολ

321 1365 416 1388 nam
447 1353 587 1388 habeat
611 1354 933 1411 significationem.
967 1367 1000 1389 v.
1074 1356 1190 1408 λοίς]
1217 1356 1404 1392 Phaedon.
1430 1368 1467 1400 p.
1494 1355 1600 1391 58D:
1625 1356 1728 1400 παρῆ

321 1398 459 1443 Theag
486 1411 521 1443 p.
543 1399 670 1434 1301).
705 1398 740 1434 εἰ
764 1397 804 1435 ἐν
815 1402 883 1456 τῇ
903 1397 1000 1446 αὐτῇ
1071 1412 1142 1436 σαν
1167 1415 1268 1442 τινες
1293 1402 1357 1436 καὶ
1376 1402 1514 1436 πολλοί
1529 1414 1581 1446 γε
1602 1401 1745 1455 Cratyl.

322 1444 441 1498 μόνον
483 1444 588 1479 οἰκία
629 1446 730 1489 εἵην,
772 1442 824 1489 μὴ
867 1443 906 1480 ἐν
947 1449 1000 1493 τῷ
1069 1458 1105 1491 11.
1142 1451 1207 1482 386
1239 1447 1285 1481 Β·
1332 1414 1548 1486 πολλάκιςγ
1564 1444 1612 1492 ὃή
1653 1445 1747 1481 αὐτὸ

322 1486 425 1536 αὕτῳ
454 1489 497 1524 δὲ
525 1481 719 1541 οἰκήματι.
1069 1490 1265 1546 πέπονθα,
1294 1487 1386 1526 ω’στε
1411 1505 1475 1536 μοι
1494 1493 1625 1527 δοκεῖν
1643 1490 1748 1527 πάνυ

366 1539 399 1569 4.
422 1533 576 1577 ξένοις
601 1532 859 1571 κατάλυσιν
869 1537 999 1591 πεπ.]
1069 1536 1261 1582 πονηρούς
1305 1535 1411 1572 εἷναί
1450 1550 1558 1577 τινας
1595 1533 1745 1580 ἀνθρώ-

321 1579 499 1614 Themist.
520 1590 571 1616 or
586 1585 627 1615 29
646 1593 681 1625 p
702 1584 767 1615 347
785 1580 833 1614 D:
861 1579 879 1616 ὁ
898 1585 1000 1616 Καλ-
1070 1595 1164 1622 πους
1191 1583 1257 1618 καὶ
1282 1581 1384 1628 μάλα
1410 1581 1584 1627 συχνούς.
1633 1581 1745 1627 Gorg.

323 1627 407 1665 λίας
427 1622 638 1666 ἐκκενώσας
656 1624 696 1660 τὸ
723 1631 899 1670 ταμιεῖον
918 1631 999 1667 τοῖς
1068 1638 1104 1671 p.
1128 1631 1194 1662 455
1220 1627 1258 1664 C.
1285 1628 1331 1662 al.
1730 1660 1733 1667 ‚

323 1675 522 1714 σοφισταῖς
573 1672 718 1713 ξενῶνα
767 1671 998 1707 κατεσκευα-
1114 1677 1144 1707 7.
1195 1673 1485 1717 Παυσανίας]
1542 1671 1745 1707 Pausanias

322 1728 422 1750 σατο
1070 1717 1140 1751 fuit
1186 1718 1298 1753 homo
1346 1718 1633 1760 eruditissimus,
1683 1717 1748 1760 qui

368 1756 602 1803 Πρόδικος
637 1760 703 1796 ἔτι
729 1761 996 1807 κατέκειτο]
1070 1765 1253 1805 quantum
1270 1762 1420 1797 Prodici
1439 1762 1637 1808 disciplina
1661 1774 1746 1813 pro-

321 1806 589 1841 Describuntur
602 1817 723 1841 mores
735 1807 894 1841 hominis
907 1807 999 1841 mol·
1067 1808 1228 1850 fecisset,
1255 1808 1422 1843 oratione
1449 1808 1493 1842 de
1512 1809 1657 1842 Amoris
1675 1819 1745 1842 vn·-

321 1851 365 1885 lis
398 1852 435 1886 et
465 1851 665 1888 delicatuli
715 1852 853 1887 Narrat
884 1853 998 1887 etiam
1067 1853 1209 1888 tutibus
1246 1853 1347 1903 apud
1384 1853 1621 1897 Agathonem
1661 1863 1747 1887 con—

321 1897 632 1932 Philostratus
646 1897 722 1932 Vit
740 1897 813 1942 Sop
817 1898 900 1932 hist.
915 1898 994 1932 XII
1068 1899 1169 1933 vivas
1203 1898 1338 1933 docuit.
1385 1898 1440 1932 Ex
1468 1909 1547 1948 qua
1578 1897 1745 1933 oratione

321 1954 357 1986 p.
375 1946 452 1977 496.
466 1941 521 1979 ed
537 1941 656 1976 Olear.
670 1910 870 1977 Prodicum
887 1943 998 1977 fuisse
1069 1943 1140 1977 huc
1157 1944 1321 2000 pertinet
1334 1943 1426 1978 haec
1444 1954 1521 1977 elus
1535 1953 1605 1977 vox
1619 1943 1745 1996 Symp.

321 1987 492 2021 mollitiei
529 1989 567 2021 et
603 1988 861 2031 voluptatibus
899 1988 999 2022 dedi·
1068 2000 1102 2033 p.
1121 1989 1243 2023 18·11)
1260 1987 1308 2045 οἱ
1333 1987 1544 2044 εἰλικρινῶς
1566 1985 1641 2024 ὑπὸ
1659 1985 1746 2023 τού-

322 2034 413 2069 tum.
439 2032 567 2066 Stallb.
1069 2046 1135 2068 του
1162 2035 1229 2069 τοῦ
1255 2033 1403 2088 ἔρωτος
1422 2032 1642 2090 ὡρμημένοι
1675 2029 1745 2068 οὐκ

367 2094 397 2123 5
439 2085 486 2123 ἐν
533 2088 747 2138 κῳὸίοις]
790 2088 909 2124 schol
951 2090 997 2124 ad
1069 2076 1179 2134 ἐρῶσι
1196 2081 1359 2122 παι’,ὃων
1382 2075 1467 2114 ἀλλ’
1489 2076 1650 2114 ἐπειδὰν
1668 2075 1745 2123 ἤδη

321 2133 509 2186 Aristoph.
535 2133 658 2176 Equit.
685 2145 717 2168 v.
744 2138 827 2168 400:
854 2131 998 2180 κῴὸιόν
1067 2121 1261 2168 ἄρχωνῖαι
1303 2126 1397 2159 νθῦν
1442 2126 1576 2178 ZGZS‘Q
1633 2125 1747 2159 17θῦΐο

323 2178 401 2213 ἐστι
419 2193 460 2213 w
475 2176 575 2231 ἅμα
594 2183 691 2218 τοῖς
709 2175 857 2221 ἐριοις
876 2171 942 2224 35¹9
923 2193 997 2224 ρμα
1070 2169 1113 2204 δε
1124 2168 1343 2226 πλησιάζει
1368 2171 1418 2214 τῷ
1431 2167 1683 2224 γενειάσκειν
1701 2189 1744 2194 -

322 2236 386 2259 σκε
390 2221 612 2267 υαζόμενον.
649 2224 698 2258 Ut
722 2225 899 2259 Prodicus
924 2237 999 2260 non
1069 2214 1163 2259 χρῆν
1205 2214 1248 2251 ὃὸ
1291 2215 1355 2250 καὶ
1395 2213 1513 2261 νόμον
1554 2219 1655 2249 εἶναι
1692 2211 1742 2259 μὴ

321 2280 395 2304 una
424 2269 521 2314 pelle
554 2269 601 2303 ad
634 2279 766 2314 corpus
798 2270 835 2304 in
861 2270 998 2305 lectulo
1069 2260 1161 2305 ἐρᾶν
1185 2261 1348 2295 παίδων·

320 2314 566 2371 integendum
598 2315 733 2367 utitur,
765 2315 819 2350 ita
833 2315 998 2371 Phidip-
1114 2320 1144 2351 8.
1179 2316 1285 2351 νέον
1311 2330 1354 2351 τι
1381 2316 1446 2352 ετι
1473 2315 1743 2361 μειράκιον]

320 2343 459 2404 pides’
444 2373 483 2394 εν
500 2358 616 2394 πέντε
635 2342 807 2405 σισύραις
826 2358 998 2404 ἐγκεκορ-
1067 2362 1231 2405 Agatho,
1246 2372 1359 2404 quum
1368 2361 1511 2396 Socrati
1523 2361 1634 2411 plane
1648 2364 1745 2395 esset

322 2404 536 2450 δυλημένος
560 2405 674 2448 (Ν1111
700 2417 733 2439 v
755 2407 814 2444 10)
843 2406 995 2447 dormit;
1066 2408 1237 2450 ignotus,
1269 2407 1378 2441 modo
1404 2418 1449 2441 ex
1474 2417 1598 2451 pueris
1624 2416 1744 2441 exces-

322 2450 369 2484 ad
422 2461 533 2505 quem
585 2450 707 2484 locum
761 2450 995 2485 scholiastes:
1068 2452 1349 2487 sisseetaetatis
1365 2463 1503 2486 annum
1517 2452 1662 2486 sextum
1677 2451 1740 2485 de-

322 2495 449 2530 ἰστέον
474 2491 533 2529 ὅτι
559 2492 741 2551 λήγοντος
766 2497 832 2530 τοῦ
862 2496 998 2552 χειμῶ-
1068 2498 1205 2532 cimum
1216 2497 1529 2541 egisseputandus
1540 2497 1605 2531 est.
1617 2495 1741 2539 -φύ-

323 2554 405 2584 νος,
450 2538 666 2594 ἀρχομένου
704 2539 747 2575 δε
784 2542 850 2575 τοῦ
889 2540 998 2586 εἴαρος
1069 2554 1125 2583 σις
1139 2542 1409 2585 estingenium,
1424 2542 1580 2583 indoles,
1596 2541 1743 2575 utThe-

321 2583 997 2682 <²313‡{“210{{122323‡3’⁶‘‘affffifflsslssi
1068 2587 1325 2684 ¹¹3192¹27¹Z¹1¹s
1331 2568 1743 2667 ¹2¹¹v¹¹¹32302⁰¹5¹33¹523813

1379 2647 1400 2668 υ
1458 2647 1470 2667 ι

285 2708 288 2710 ,
322 2674 364 2710 τὸ
398 2673 509 2719 κρύος
541 2677 607 2711 καὶ
632 2676 745 2711 πέντε
770 2674 998 2732 περιβόλαια
1068 2673 1232 2724 καλός]
1274 2678 1351 2711 sed
1392 2678 1474 2712 hoo
1514 2677 1614 2711 utut
1655 2678 1740 2718 est,

322 2722 623 2764 πεοιβεβλησθαι
671 2718 738 2756 τὸν
786 2719 883 2759 υἵόν
942 2725 997 2757 De
1067 2724 1192 2757 certe
1240 2722 1476 2757 admodum
1516 2722 1741 2756 formosus

321 2765 451 2800 iisdem
479 2765 609 2801 diebus
639 2764 755 2807 festis,
789 2766 851 2810 qui
876 2778 997 2802 mense
1067 2769 1111 2802 et
1135 2770 1365 2802 venustus.
1408 2768 1465 2802 Sic
1484 2767 1581 2802 enim
1607 2763 1642 2801 δ’
1672 2765 1741 2802 οὐν

322 2810 614 2855 Elaphebolione
657 2810 887 2862 agebantur,
938 2813 997 2847 hic
1067 2812 1334 2856 accipiendum,
1350 2813 1391 2846 ut
1403 2823 1526 2856 saepe.
1539 2824 1572 2849 v
1588 2813 1635 2846 ad
1648 2811 1742 2847 Tim.

324 2866 471 2900 quoque
498 2866 541 2890 eo
566 2868 684 2901 magis
716 2855 863 2890 videtur
896 2859 996 2903 cogi·
1066 2870 1101 2902 p.
1129 2861 1171 2893 38
1196 2857 1235 2894 Β.
1275 2858 1409 2902 Cratyl.
1434 2862 1499 2892 415
1526 2857 1563 2891 C.
1604 2861 1670 2891 42ss
1696 2857 1740 2892 D.
