1939 3214
342 150 396 191 74
930 146 1169 182 PLATONIS

293 259 385 293 Βτι
415 251 505 291 τῶν
542 250 645 303 περὶ
683 251 761 303 τῆς
798 247 970 296 πόλεως
1008 247 1268 302 διοικήσεως
1300 246 1375 301 δέῃ
1406 249 1763 302 βουλεύσασθαι,

341 317 643 371 συμβουλεύει
674 314 825 364 αὐτοῖς
855 313 1149 369 ἀνιστάμενος
1180 314 1281 369 περὶ
1302 312 1476 355 τούτων
1497 313 1659 369 ὁμοίως
1679 316 1763 369 μὲν

338 385 529 439 τέκτων,
569 381 732 437 ὁμοίως
762 382 811 424 δὲ
843 382 1054 436 χαλκεύς,
1095 381 1391 435 σκυτοτόμος,
1424 381 1618 437 ἔμπορος
1647 382 1763 424 ναύ-

281 469 289 474 ⁷
339 453 523 506 κληρος,
557 449 772 498 πλούσιος
801 449 960 504 πένης,
1000 455 1209 502 γενναῖος
1238 445 1453 502 ἀγεννής,
1485 446 1559 489 καὶ
1589 448 1764 499 τούτοις

339 517 489 566 οὐδεὶς
509 519 639 558 τοῦτο
664 516 920 570 ἐπιπλήττει
950 515 1101 570 ὥσπερ
1131 522 1222 565 τοῖς
1253 513 1491 569 πρότερον,
1524 513 1592 556 ὅτι
1622 515 1762 557 οὐδα-

339 585 482 638 μόθεν
519 583 705 639 μαθών,
752 581 859 626 οὐδὲ
899 582 1029 632 ὄντος
1073 579 1350 624 διδασκάλου
1396 579 1582 631 οὐδενὸς
1626 581 1762 640 αὐτῷ,

337 654 488 694 ἔπειτα
510 650 840 706 συμβουλεύειν
862 650 1079 704 ἐπιχειρεῖ
1085 664 1093 674 ·
1116 649 1255 704 δῆλον
1275 647 1377 703 γὰρ,
1400 647 1467 690 ὅτι
1489 647 1570 703 οὐχ
1589 646 1762 703 ἡγοῦν-

337 734 408 761 ται
440 717 654 761 διδακτὸν
685 714 813 761 εἶναι.
861 716 919 773 μὴ
950 719 1108 759 τοίνυν
1140 716 1205 758 ὅτι
1239 715 1289 758 τὸ
1315 715 1471 759 κοινὸν
1493 718 1569 771 τῆς
1590 717 1764 766 πόλεως

290 786 481 836 Εοῦτως
521 788 630 840 ἔχει,
683 783 784 827 ἀλλ’
826 787 918 838 ἰδία
954 783 1061 839 ἡμῖν
1101 785 1148 826 οὗ
1181 783 1435 837 σοφώτατοι
1472 784 1547 825 καὶ
1590 782 1763 839 ἄριστοι

336 857 428 896 τῶν
468 856 666 896 πολιτῶν
701 852 869 908 ταύτην
905 850 988 906 τήν
1026 849 1192 906 ἀρετήν
1229 848 1288 905 ἦν
1327 853 1510 906 ἔχουσιν
1547 850 1630 905 οὐχ
1672 845 1760 905 οἶοί

337 937 384 963 τε
423 920 577 970 ἄλλοις
614 920 930 975 παραδιδόναι·
975 920 1072 962 ἐπεὶ
1103 920 1345 972 Περικλῆς,
1393 917 1414 961 ὁ
1448 920 1640 961 τουτωνὶ
1670 919 1762 961 τῶν

453 1027 480 1056 1.
507 1036 547 1057 τι
573 1022 658 1056 τῶν
682 1022 788 1064 περὶ
814 1020 893 1075 τῆς
919 1017 1098 1061 πόλεως
1123 1015 1408 1070 διοικήσεως
1439 1019 1586 1064 scripsi:
1613 1034 1649 1054 τι
1674 1020 1762 1063 περὶ

336 1068 411 1102 τῶν
444 1069 511 1110 τῆς
542 1068 686 1106 πόλεως
720 1064 943 1109 διοικήσεως
968 1065 1050 1108 ΒΤ,
1085 1065 1150 1100 8οᾱ
1182 1065 1220 1098 111
1252 1065 1412 1107 utroque
1437 1064 1606 1098 lectionis
1631 1064 1762 1099 vitium

336 1112 489 1155 aliquod
514 1112 665 1145 subesse
683 1111 932 1161 significatum
959 1110 1028 1152 est,
1053 1110 1091 1144 013
1116 1119 1189 1152 quo
1216 1109 1346 1144 ordine
1371 1108 1512 1143 tradita
1537 1110 1623 1143 sunt
1646 1110 1762 1144 verba

334 1168 410 1191 non
434 1156 525 1191 licet
549 1167 594 1191 ea
618 1157 672 1189 ita
697 1155 877 1200 accipere,
902 1155 944 1189 ut
961 1157 1035 1189 τῶν
1052 1154 1217 1199 pendere
1235 1154 1425 1188 statuatur
1457 1164 1501 1188 ex
1527 1152 1762 1205 διοικήσεως.

335 1202 394 1235 An
426 1203 500 1236 τῶν
532 1211 555 1235 3
584 1201 741 1236 Platone
762 1200 983 1253 profectum
1014 1200 1079 1241 8113,
1112 1200 1314 1241 incertum,
1340 1199 1469 1242 utique
1493 1199 1615 1233 minus
1638 1209 1761 1234 110008-

334 1247 475 1281 sarium
501 1257 613 1299 quam
641 1242 878 1298 διοικήσεως,
903 1245 969 1279 8οᾶ
993 1255 1091 1279 1111110
1116 1245 1315 1287 utrumque
1340 1244 1428 1278 ferri
1445 1254 1552 1297 posse
1569 1244 1674 1302 puto.
1715 1244 1762 1279 τὰ

334 1292 422 1347 περὶ
448 1292 516 1335 τῆς
541 1289 684 1330 πόλεως
711 1287 935 1334 διοικήσεως
967 1289 1039 1324 dici
1069 1289 1195 1333 potuit
1218 1290 1260 1322 ut
1284 1300 1319 1333 p.
1345 1292 1410 1323 360
1434 1288 1463 1321 Ε
1495 1286 1542 1323 τοὶ
1576 1288 1663 1333 περὶ
1694 1288 1762 1333 τῆς

336 1334 493 1381 ἀρετῆς,
527 1337 597 1370 etsi
628 1337 718 1391 περί
748 1346 777 1372 0
810 1345 886 1370 ace.
911 1336 1009 1369 esset
1039 1334 1212 1368 usitatius
1243 1335 1284 1367 ut
1314 1333 1506 1368 Demosth.
1533 1337 1593 1375 24,
1630 1337 1694 1369 152
1726 1346 1762 1369 τι

334 1383 409 1416 τῶν
435 1381 522 1424 περὶ
548 1378 619 1424 τὴν
646 1377 791 1425 ἑορτήν.

380 1464 410 1497 2,
460 1458 629 1516 ὁμοίως
683 1472 765 1501 μεν
818 1458 1013 1511 τέκτων,

333 1501 506 1558 ὁμοίως
531 1503 579 1540 δε
611 1500 866 1548 χαλκεύςω
877 1499 1014 1547 ἆγεν-

335 1564 356 1584 ν
366 1564 388 1593 η
381 1547 433 1595 ’ς]
444 1549 584 1584 Eodem
599 1549 711 1583 modo
720 1548 843 1583 Latini
856 1548 1014 1592 loquun-

335 1597 408 1632 tur
443 1594 557 1629 Cicer
592 1594 698 1628 Tusa.
724 1594 755 1628 V
782 1598 842 1643 39ε
882 1593 1015 1627 Demo·

334 1640 449 1674 oritus
490 1639 691 1673 luminibus
739 1638 881 1672 amissis
930 1638 1016 1672 alba

335 1685 544 1720 discernere
570 1685 609 1718 et
633 1684 716 1717 atra
739 1694 814 1717 non
843 1683 1014 1733 poterat;

334 1733 374 1764 at
390 1740 479 1764 vero
493 1730 593 1763 bona
604 1729 713 1771 mala,
731 1738 852 1770 aequa
870 1727 1011 1770 iniqua,

333 1774 494 1809 honesta
528 1773 671 1817 turpia,
707 1773 814 1807 utilia
849 1772 1013 1815 inutilia,

332 1830 473 1863 magna
489 1829 607 1864 parva
623 1801 784 1862 psham-,at
827 1816 1014 1867 Quemad-

333 1866 486 1899 modum
504 1864 644 1906 Cicero‚
670 1863 735 1898 ubi
759 1862 945 1897 contraria
962 1862 1014 1896 sic

330 1909 579 1950 consociavit,
622 1911 663 1944 ut
703 1907 862 1942 alterum
902 1906 1014 1941 alteri

331 1954 580 2004 responderet
596 1955 634 1988 et
646 1965 692 1988 ex
705 1953 801 1987 binis
814 1963 883 2003 par
897 1952 1013 1995 quod-

331 2000 420 2033 dam
439 1999 629 2041 existeret,
647 1997 846 2047 copulam'
836 2009 875 2030 111
892 1996 1011 2040 primo

330 2043 415 2087 pari
431 2043 567 2097 posuit,
590 2043 629 2077 in
647 2042 779 2077 ceteris
797 2042 933 2097 omisit,
958 2042 1013 2076 ita

330 2089 402 2123 hoc
433 2089 513 2123 loco
547 2086 686 2138 ὁμοίως
718 2099 788 2131 μεν
809 2107 853 2111 -
874 2085 1012 2131 ὁμοίως

335 2132 377 2168 δὲ
393 2133 440 2167 3(1
455 2134 581 2168 cetera
596 2132 704 2177 paria
720 2131 893 2176 pertinet,
912 2131 1010 2166 unde

331 2179 490 2222 apparet
530 2178 689 2212 alterum
729 2188 798 2221 par
837 2178 1012 2211 mutilum

331 2233 411 2257 esse
426 2223 463 2256 et
482 2223 632 2301 requiri,
651 2222 752 2266 quod
766 2222 1012 2265 resspondeat

331 2267 562 2314 σκυτοτόμω.
613 2268 655 2301 111
689 2265 803 2310 Gorg
830 2278 865 2310 p.
891 2271 956 2302 517
982 2266 1010 2300 E

331 2323 415 2347 cum
442 2323 485 2347 eo
504 2304 741 2356 coniungitur
759 2294 1012 2356 σκυτόδεψος,

330 2357 492 2392 eundem
517 2358 577 2391 hic
602 2357 852 2407 probaverim

379 2407 410 2437 5.
436 2415 455 2436 ο
471 2416 515 2437 τι
542 2398 821 2445 οὐδαμόθεν
847 2400 1012 2444 μαθών

333 2467 374 2472 ——
394 2445 576 2491 ἐπιχειρ
590 2446 647 2491 εἴ]
669 2415 870 2480 Transitus
896 2457 919 2480 a
942 2457 1010 2480 nu·

331 2503 434 2526 mero
451 2492 588 2536 plurali
615 2490 661 2525 ad
687 2490 914 2534 singularem
938 2491 1010 2525 fre-

330 2547 450 2579 quens
470 2535 746 2580 velutiinfrap.
745 2518 867 2572 3340
891 2535 1010 2570 Phae-

332 2581 416 2616 don.
442 2594 478 2627 p.
505 2585 547 2616 62
574 2581 618 2618 D
656 2580 701 2615 al.
739 2581 793 2615 De
824 2580 1010 2615 sententia

332 2629 427 2661 conf.
455 2626 627 2661 Aeschin
663 2625 755 2659 01.1
788 2629 849 2659 27:
889 2622 908 2660 6
945 2637 1008 2659 νο-

332 2670 503 2723 μοθὲτης
529 2669 598 2706 οὐκ
617 2667 828 2705 απελαύνει
846 2668 922 2704 ἀπὸ
941 2671 1008 2705 τοῦ

330 2713 501 2772 βήματος
543 2717 582 2750 εἴ
616 2728 672 2755 τις
713 2713 764 2760 μὴ
787 2712 1009 2770 προγόνων

332 2757 410 2796 ἐστι
438 2762 512 2795 τῶν
539 2756 886 2816 ἐστρατηγηκότων,
914 2758 1008 2794 οὐδέ

330 2818 374 2860 ’γε
409 2804 445 2841 εἰ
475 2806 615 2859 τέχνην
640 2818 728 2840 τινα
749 2802 979 2859 ἐργάζεται.

329 2848 430 2885 ἀλλὰ
448 2848 606 2889 τούτους
625 2850 690 2885 καὶ
705 2848 870 2894 μάλιστα
888 2846 1008 2884 ozano?-

1084 1459 1187 1499 ζεται
1224 1457 1290 1491 καὶ
1329 1452 1395 1490 διὰ
1431 1468 1543 1491 τουτο
1577 1454 1763 1496 πολλάκις

1084 1500 1271 1546 ἐπερωτᾶ,
1307 1502 1364 1541 τίς
1398 1497 1601 1546 ἀγορεύειν
1632 1499 1762 1547 βούλε-

1084 1561 1159 1582 ται.
1206 1528 1286 1581 Hoc
1316 1546 1530 1580 institutum
1562 1556 1584 1580 a
1609 1546 1762 1581 Socrate

1086 1594 1123 1627 et
1140 1592 1296 1626 Platone
1321 1591 1469 1635 saepius
1494 1591 1762 1641 reprehensum

1086 1636 1317 1680 argumentis
1353 1646 1486 1679 parum
1522 1635 1666 1669 idoneis
1699 1635 1761 1671 (10-

1085 1663 1496 1732 fenditAristot3Polit.
1516 1680 1620 1714 1116.
1658 1680 1761 1735 Quae

1083 1726 1181 1781 enim
1220 1725 1315 1761 ratio
1356 1725 1394 1758 in
1428 1725 1504 1760 his:
1549 1725 1653 1760 ἔσται
1688 1726 1761 1770 γὰρ

1084 1770 1240 1811 ἕκαστος
1266 1784 1334 1823 μεν
1360 1771 1444 1811 (τοῦ
1468 1767 1660 1825 πλήθους)
1686 1772 1761 1815 χεί-

1083 1829 1157 1861 ρων
1175 1813 1306 1873 κριτὴς
1331 1815 1406 1850 τῶν
1434 1812 1605 1869 εἰδότων,
1634 1812 1761 1851 ἅπαν·

1083 1874 1144 1914 τες
1168 1860 1220 1915 ,δε
1254 1858 1511 1901 συνελθόντες
1536 1856 1559 1904 ἡ
1586 1861 1759 1906 βελτίους

1082 1901 1106 1949 ἢ
1133 1904 1177 1940 οὐ
1203 1907 1364 1959 xes-9022&

1128 1954 1161 1988 8
1202 1949 1261 1995 μὴ
1303 1951 1467 1984 τοίνυν
1507 1945 1580 1984 ὅτι
1620 1948 1668 1984 τὸ
1710 1950 1761 1994 κ]

1081 1995 1175 2029 Iam
1214 2005 1320 2029 vero
1360 2005 1413 2029 ne
1454 1993 1597 2029 solam
1642 2005 1758 2029 rem-

1081 2039 1319 2090 publicam
1335 2039 1760 2074 commemoremita

1082 2084 1281 2135 sentire,
1317 2096 1368 2119 ne
1406 2084 1627 2134 privatim
1664 2083 1759 2127 qui—

1082 2129 1181 2164 dem
1223 2129 1346 2164 cives
1386 2128 1536 2163 nostri
1576 2129 1759 2172 sapien-

1081 2174 1255 2209 tissimi
1273 2175 1316 2209 et
1333 2173 1497 2219 optimi
1513 2184 1610 2208 eam
1627 2183 1760 2216 quam

1081 2219 1257 2253 habent
1279 2219 1506 2253 virtutem
1532 2229 1627 2252 cum
1652 2217 1759 2252 aliis

1082 2264 1632 2322 communicarepossunt.
1648 2262 1759 2317 Apol.

1082 2308 1182 2344 Soer.
1207 2320 1243 2353 p
1267 2314 1312 2344 40
1336 2308 1387 2362 D:
1412 2313 1520 2363 (ζὶμαι
1546 2320 1595 2341 αν
1620 2306 1683 2362 μὴ
1698 2302 1758 2342 ὅτι

1082 2351 1241 2407 ἰδιώτην
1271 2350 1377 2407 τινά,
1410 2350 1508 2388 ἀλλὰ
1538 2350 1605 2387 τὸν
1616 2350 1758 2407 Ἦξμεὲγαν

1081 2399 1241 2443 βασιλέα
1283 2394 1568 2441 εὐαριθμήτους
1609 2410 1658 2431 αν
1698 2409 1757 2432 ευ-

1082 2449 1175 2487 ρεῖν.
1225 2443 1402 2478 Similiter
1436 2443 1521 2487 post
1557 2437 1602 2476 οὗ
1626 2439 1757 2492 μόνον

1080 2489 1241 2533 simplex
1272 2484 1367 2522 ἄλλά
1399 2487 1574 2530 infertur,
1606 2486 1636 2520 si
1660 2486 1757 2521 31130-

1079 2545 1160 2567 rum
1187 2532 1363 2568 orationis
1387 2532 1596 2566 membrum
1615 2531 1756 2566 maiore

1079 2579 1116 2612 vi
1148 2579 1186 2613 et
1218 2577 1404 2622 gravitate
1430 2578 1496 2611 est.
1542 2576 1674 2610 τοίνυν
1700 2578 1757 2610 0813

1079 2624 1164 2657 13111
1190 2632 1314 2664 vero,
1340 2631 1490 2674 porro,
1518 2623 1559 2655 ut
1582 2619 1692 2675 Apol.
1719 2631 1756 2672 p

1078 2672 1121 2703 33
1146 2667 1186 2703 Ε.
1236 2666 1410 2701 Ceterum
1447 2664 1488 2700 τὸ
1522 2665 1655 2700 κοινὸν
1687 2667 1756 2714 τῆς

1078 2711 1240 2752 πόλεως,
1267 2721 1497 2745 commune
1528 2708 1756 2752 civitatis,

1078 2756 1368 2801 respublica,
1407 2756 1522 2790 etiam
1553 2754 1690 2789 Criton.
1715 2765 1754 2797 p.

1078 2806 1120 2837 50
1147 2805 1188 2836 A.
1220 2800 1351 2836 Stalzb.
1390 2811 1425 2835 v.
1457 2799 1572 2844 Kriig.
1602 2799 1668 2835 Gr.
1701 2802 1753 2834 67.

1081 2851 1132 2889 13,
1159 2851 1195 2888 3;
1222 2850 1277 2881 69.
1303 2850 1335 2888 4,
1360 2850 1389 2880 3.
