1907 3230
585 168 919 206 PROTAGORAS.
944 168 984 203 P.
1012 172 1077 204 340
1103 167 1171 204 ST.

1508 167 1587 210 133

172 272 430 327 βησάντων·
464 272 629 324 ἔπειτα,
661 269 721 319 ω’ς
749 285 799 324 γε
829 268 940 325 πρὸς
970 270 1019 311 σὲ
1052 269 1261 322 εἰρῆσθαι
1292 266 1480 346 τάληθῆ,
1513 268 1588 310 ἵνα

171 355 245 393 μοι
275 338 431 392 χρόνος
453 338 681 392 ἐγγένηται
711 340 764 391 τῇ
797 337 951 386 σκέψει
981 338 1028 377 τί
1053 336 1174 389 λέγοι
1206 333 1228 376 ὁ
1260 334 1456 389 ποιητής,
1487 335 1588 388 τρέ-

171 421 310 460 πομαι
341 404 452 459 πρὸς
481 403 559 447 τὸν
589 403 838 485 Πρόδικον,
870 403 944 444 καὶ
976 403 1166 451 καλέσας
1197 400 1353 456 αὐτόν,
1378 393 1431 442 Ὠ
1464 401 1590 455 Πρό-

175 473 290 525 δικε,
323 474 438 526 ἔφην
470 471 570 526 ε’γω’,
602 469 679 520 σὸς
707 471 856 524 μέντοι
890 471 1147 525 Σιμωνίδης
1176 470 1375 522 πολίτης·
1420 468 1590 517 δίκαιος

136 558 151 584 5
175 535 214 580 εἷ
249 540 440 593 βοηθεῖν
477 541 536 593 τῷ
576 535 720 590 ἀνδρί

782 539 900 579 δοκι-δ
940 539 1025 579 οὐν
1064 551 1138 591 μοι
1178 534 1264 589 ε’γω
1311 537 1589 590 παρακαλεῖν

170 606 232 659 σε’,
264 604 412 659 ὥσπερ
443 607 527 660 ἐφη
546 603 738 659 ’Όμηρος
767 602 845 647 τὸν
878 603 1180 658 Σκαμανδρον
1201 601 1588 657 πολιορκούμενον
1612 610 1680 645 340

168 670 257 714 ὑπὸ
288 674 369 714 τοῦ
396 671 623 726 Ἀχιλλέως
653 669 732 712 τὸν
764 671 987 724 Σιμόεντα
1018 672 1310 723 παρακαλεῖν,
1348 669 1531 711 εἰπόντα

254 753 363 792 Φίλε
394 752 649 804 κασίγνητε,
681 749 844 798 σθένος
873 747 1031 804 ἀνέρος
1061 747 1309 802 ἀμφότεροί
1337 762 1420 801 περ

254 819 441 871 σχῶμεν.

115 919 145 944 10
170 894 283 949 ἀτάρ
315 896 387 938 καὶ
420 894 505 949 ἐγώ
538 896 586 937 σὲ
618 896 879 949 παρακαλῶ,
911 892 968 949 μὴ
1000 892 1109 947 ἡμῖν
1131 892 1154 935 ὁ
1176 893 1481 947 Πρωταγόρας
1509 892 1590 934 τὸν

169 964 430 1018 Σιμωνίδην
471 961 678 1017 ἐκπέρσῃ.

739 961 812 1003 καὶ
850 958 936 1016 γὰρ
975 955 1060 1003 οὖν
1100 961 1174 1002 καὶ
1214 961 1354 1003 δεῖται
1393 960 1442 1001 τὸ
1478 957 1589 1013 ὑπὲρ

169 1030 428 1084 Σιμωνίδου
450 1026 749 1084 ἐπανόρθωμα
770 1030 846 1082 τῆς
867 1031 946 1083 σῆς
965 1031 1198 1082 μουσικῆς,
1232 1022 1261 1083 ᾗ
1281 1026 1332 1070 τό
1353 1043 1399 1069 τε
1419 1028 1585 1081 βούλε-

166 1102 274 1139 σθαι
312 1098 386 1139 καὶ
434 1098 675 1151 ἐπιθυμεῖν
721 1097 907 1149 διαιρεῖς
945 1093 1004 1144 ὠς
1042 1094 1096 1137 οὐ
1133 1093 1296 1137 ταύτὸν
1335 1093 1401 1148 ὅν,
1448 1094 1521 1137 καὶ
1559 1091 1587 1136 ἂ
1610 1098 1640 1132 Β

166 1167 253 1205 νῦν
292 1164 344 1218 δὴ
391 1160 509 1213 εἶπες
547 1164 691 1206 πολλά
730 1179 777 1205 τε
816 1161 888 1204 καὶ
927 1163 1054 1204 καλά.

851 1228 905 1271 οὐ
942 1227 1028 1285 γὰρ
1061 1232 1269 1284 φαίνεται
1302 1229 1484 1272 ἐναντία
1516 1229 1588 1271 λε’-

113 1255 145 1280 15
168 1244 239 1273 σοι
278 1231 494 1273 συνδοκεῖ
526 1229 636 1285 ὅπερ
677 1231 790 1284 ε’μοί.

1117 1163 1190 1204 καὶ
1220 1164 1307 1204 νῦν
1339 1163 1510 1218 σκόπει,
1551 1165 1595 1203 εἴ

277 1368 309 1402 2.
344 1361 511 1409 ἔγγένη
491 1378 618 1408 η,ται
656 1364 731 1399 iam
763 1365 808 1398 ab
835 1364 1049 1398 Heindorfio
1075 1361 1331 1407 emendatum,
1371 1363 1587 1408 apographo

164 1409 373 1445 Vindobon.
399 1391 676 1454 suppeditatur.
703 1406 1004 1454 ἐκγένηταιΒΤ.

211 1527 240 1556 1.
271 1535 325 1562 ως
358 1534 405 1566 γε
437 1521 549 1564 πρὸς
583 1533 627 1557 σε
655 1520 750 1567 εἰρ.]
776 1522 840 1556 int.

163 1566 405 1607 familiarem,
440 1566 498 1600 cui
530 1576 736 1601 sermonem
761 1577 842 1601 nar-

164 1615 232 1649 rat
258 1624 290 1646 v
311 1624 346 1656 p.
369 1612 484 1647 309Α
507 1611 545 1645 et
563 1610 676 1655 Krug.
692 1616 747 1654 55,
766 1615 794 1654 1,
808 1615 838 1645 2.

162 1657 255 1691 Rem
281 1656 395 1691 verbo
430 1655 534 1690 finito
566 1656 751 1691 affirmare
761 1666 841 1710 po-

163 1702 254 1743 tuit,
280 1703 321 1735 ut
346 1700 614 1741 Demosth.40‚
646 1705 686 1735 10
714 1714 841 1735 παντα

164 1745 235 1791 γὰρ
247 1729 441 1790 εἰρήσεται
457 1743 608 1796 τάληθῆ
625 1743 750 1802 πρὸς
732 1743 842 1788 ὑμᾶς.

210 1792 286 1826 ἵνα
328 1803 403 1834 μοι
441 1787 610 1840 χρόνος
649 1789 840 1835 εγγὲνη

164 1835 399 1915 {3513253
405 1834 430 1913 ἓ
439 1834 840 1915 Ιοῖὲἶῖᾎῖῗιΐὲξζ]

163 1936 197 1960 v.
227 1924 366 1959 Phaed.
396 1935 432 1968 p
459 1928 501 1959 86
524 1924 565 1960 Ε.
612 1924 779 1969 Sympos
804 1936 840 1968 p.

166 1973 229 2005 184
247 1969 290 2004 A.
315 1969 387 2003 Pro
412 1969 452 2003 τί
474 1969 577 2012 λέγοι
602 1969 716 2013 vulgo
741 1969 841 2022 lege-

165 2014 277 2049 batur
302 2015 342 2048 τί
365 2011 476 2058 λέγει.
520 2014 717 2057 optativus
742 2012 840 2048 κατὰ

163 2058 204 2093 τὸ
225 2056 435 2101 νοούμενον
452 2058 607 2102 positus,
633 2059 731 2093 unde
749 2059 842 2093 haec

163 2104 359 2182 Ῑὲιοεῖίἱῗυω
372 2103 597 2147 permutatio
612 2103 841 2148 explicanda.

194 2152 228 2182 ta

208 2197 240 2229 4.
279 2191 353 2232 σὸς
385 2192 547 2236 μέντοι
579 2195 622 2227 Σ.
653 2193 708 2238 π.]
740 2195 841 2228 tuus

165 2247 253 2273 vero
295 2237 416 2271 civis
459 2237 533 2271 est
573 2236 840 2275 Simonides

162 2282 220 2317 Ab
246 2281 362 2316 Iulide
388 2281 496 2323 enim,
527 2292 623 2325 quae
648 2283 737 2316 urbs
762 2285 843 2317 erat

163 2327 306 2406 insulae
343 2326 425 2369 Cei,
469 2309 622 2370 u’terque
664 2328 840 2362 oriundus

164 2383 227 2407 era
248 2399 254 2406 .

210 2420 239 2451 6.
273 2411 424 2460 ὥσπερ
457 2415 544 2461 ἔφη
573 2411 770 2461 ’Όμηρος
797 2437 838 2442 —-

164 2462 475 2506 παρακαλεῖν]
549 2461 839 2504 quemadmo-

165 2506 264 2540 dum
316 2505 433 2540 dixit
473 2506 691 2541 Homerus
733 2506 837 2542 Sca-

165 2550 391 2585 mandrum
412 2571 451 2575 —
471 2551 736 2601 advocasse.
784 2551 840 2585 In-

164 2596 328 2630 finitivus
363 2595 572 2640 imperfecti
608 2596 643 2630 vi
680 2595 834 2640 'positus

164 2641 259 2675 Nam
268 2641 442 2697 poterat
473 2641 586 2675 etiam
618 2641 688 2676 hoc
724 2642 834 2676 modo

165 2680 269 2720 diei
249 2682 384 2728 ὥσπερ,
411 2684 485 2739 ἐφη
500 2681 675 2731 ”Όμηρος,
695 2683 713 2721 ὁ
735 2686 836 2721 Σκά-

164 2732 332 2783 μανδρος
351 2750 394 2755 -
414 2729 480 2765 τὸν
505 2732 698 2775 Σιμόεντα
723 2744 837 2775 παρε-

164 2772 282 2812 κάλει
315 2786 348 2813 v
374 2775 422 2810 ad
454 2775 621 2820 Sympos.
644 2788 680 2821 p.
709 2781 771 2811 172
797 2777 836 2810 B

164 2819 281 2853 Locus
299 2820 497 2863 Homeri,
527 2820 571 2854 ad
595 2831 706 2863 quem
724 2821 837 2865 respi-

166 2864 272 2907 citur,
299 2865 419 2899 exstat
445 2865 549 2900 Iliad.
576 2867 616 2900 Φ
645 2870 740 2911 308,
775 2866 838 2900 ubi

1078 1410 1123 1443 τί
1147 1408 1340 1452 λέγοιΒ;
1367 1411 1407 1443 τί
1425 1408 1586 1453 λέγειΤ.

912 1521 1087 1574 deinceps
1134 1520 1321 1555 adduntur
1360 1520 1470 1555 11300’
1503 1517 1586 1556 ἐπεὶ

912 1580 1011 1611 ταχα
1027 1566 1125 1603 ἄστυ
1143 1564 1240 1610 μέγα
1260 1563 1451 1610 Πριάμοιο
1470 1562 1587 1600 ἄνακ-

912 1624 974 1651 τος
1005 1610 1200 1661 ἐκπέρσει,
1238 1611 1335 1645 unde
1360 1610 1493 1645 deinde
1523 1621 1583 1645 ex-

911 1656 1125 1714 plicandum
1150 1639 1249 1689 isfiud
1275 1653 1325 1700 μή
1352 1676 1391 1680 ——
1420 1657 1586 1700 Σιμωνί-

913 1702 985 1744 δην
1028 1700 1206 1745 ἐκπέρσῃ,
1247 1710 1298 1734 ne
1322 1719 1364 1724 —
1392 1699 1586 1734 Simoni—

912 1745 1007 1780 dem
1033 1745 1318 1797 pessumdet.
1333 1744 1461 1779 Stallb.

960 1795 1009 1825 11
1037 1793 1191 1826 δεῖται
1211 1810 1249 1814 -
1269 1791 1346 1833 τῆς
1372 1791 1450 1833 σῆς
1475 1802 1584 1831 μου-

1104 1834 1343 1869 desiderat
1389 1834 1480 1869 ista
1520 1834 1586 1869 Si-

913 1847 982 1870 σικ

995 1838 1044 1881 ῆς
1072 1881 1106 1914 is
1125 1879 1360 1914 correctio
1377 1880 1499 1914 tuam
1518 1889 1586 1913 ar-

911 1891 1031 1916 monl

911 1926 1000 1959 tem
1042 1927 1087 1960 et
1126 1923 1454 1966 eruditionem,
1498 1934 1586 1966 qua

911 1971 1027 2005 velle
1058 1971 1103 2005 et
1133 1979 1292 2021 cupere
1324 1968 1584 2012 distinguis.

913 2015 1007 2050 Nam
1040 2016 1093 2049 ita
1124 2011 1288 2064 μουσική
1320 2025 1416 2048 nunc
1446 2013 1584 2047 intelli

911 2060 1045 2104 genda.
1086 2058 1258 2093 Musica
1276 2058 1385 2099 enim,
1406 2057 1585 2092 latissimo

911 2115 1020 2139 sensu
1047 2104 1165 2146 dicta,
1198 2103 1518 2153 complectebatur
1542 2113 1587 2137 ea

912 2149 1053 2191 omnia,
1081 2159 1176 2192 quae
1201 2150 1314 2193 vulgo
1341 2148 1513 2182 dicuntur
1539 2147 1585 2181 ad

912 2177 1135 2229 Musarum
1177 2193 1348 2227 cultum
1385 2193 1584 2236 pertinere,

911 2239 979 2273 hoc
1013 2240 1068 2273 est
1099 2238 1195 2273 artes
1227 2248 1353 2272 omnes
1386 2239 1423 2271 et
1449 2237 1585 2271 doctri-

911 2295 977 2318 nas
995 2284 1256 2327 elegantiores,
1277 2283 1446 2325 adeoque
1464 2282 1584 2326 ipsam

910 2328 1195 2373 philosophiam.
1210 2339 1244 2362 v.
1256 2327 1440 2362 Phaedon.
1450 2338 1486 2371 p.
1497 2329 1584 2361 61A.

911 2373 1049 2417 Cratyl.
1076 2385 1110 2417 p.
1137 2376 1202 2408 406
1219 2374 1262 2407 A.
1296 2372 1475 2408 Diodor.
1501 2371 1584 2406 Sic.

910 2418 958 2452 IV
979 2422 1010 2454 7.
1036 2417 1180 2452 Strab.
1200 2417 1232 2451 X
1257 2429 1292 2462 p.
1311 2417 1428 2451 7173.
1454 2416 1583 2451 Stazzb.

911 2463 1037 2498 Omnis
1075 2463 1265 2498 doctrinae
1302 2462 1584 2496 fundamentum

909 2508 1086 2543 Prodicus
1124 2519 1203 2543 esse
1239 2507 1356 2542 voluit
1394 2507 1495 2541 recte
1532 2506 1583 2540 lo-

909 2553 1048 2633 {ffugi
1088 2550 1585 2652 οιὲῃῖἰωγαρΓυξέἔᾱφηξι

1084 2613 1109 2633 π
1172 2613 1187 2632 τ

907 2607 1132 2695 Hoo'danogf
1158 2644 1244 2685 περὶ
1286 2639 1485 2686 ὀνομάτων
1525 2640 1584 2683 ὄρ-

906 2686 1071 2732 θότητος
1089 2690 1234 2732 μαθειν
1254 2689 1324 2723 δεῖ.
1350 2687 1455 2728 Eum,
1471 2697 1583 2730 quum

908 2732 1135 2768 discerneret
1160 2734 1276 2768 verba
1308 2713 1521 2776 βούλεσθαι
1547 2734 1585 2766 et

908 2774 1134 2822 ἐπιθυμεῖν,
1160 2778 1332 2813 Socrates
1356 2779 1434 2821 ipse
1459 2778 1583 2828 priore

909 2822 1069 2865 quodam
1095 2824 1265 2868 tempore
1283 2822 1442 2858 audisse
1461 2822 1582 2857 existi-

909 2867 1064 2901 mandus
1090 2869 1157 2912 est,
1184 2880 1216 2905 v,
1243 2880 1278 2912 p.
1304 2872 1364 2902 341
1388 2869 1431 2901 A.
