<?xml version="1.0" encoding="UTF-8"?>
<!DOCTYPE html PUBLIC "-//W3C//DTD XHTML 1.0 Transitional//EN"
    "http://www.w3.org/TR/xhtml1/DTD/xhtml1-transitional.dtd">
<html xmlns="http://www.w3.org/1999/xhtml" xml:lang="en" lang="en">
 <head>
  <title>
</title>
<meta http-equiv="Content-Type" content="text/html;charset=utf-8" />
  <meta name='ocr-system' content='tesseract 3.04.00' />
  <meta name='ocr-capabilities' content='ocr_page ocr_carea ocr_par ocr_line ocrx_word'/>
</head>
<body>
  <div class='ocr_page' id='page_1' title='image "./protagorascumpro00platuoft/protagorascumpro00platuoft_0052.png"; bbox 0 0 1939 3214; ppageno 0'>
   <div class='ocr_carea' id='block_1_1' title="bbox 273 270 302 304">
    <p class='ocr_par' dir='ltr' id='par_1_1' title="bbox 273 270 302 304">
     <span class='ocr_line' id='line_1_1' title="bbox 273 270 302 304; baseline 0 0"><span class='ocrx_word' id='word_1_1' title='bbox 273 270 302 304; x_wconf 90' lang='lat' dir='ltr'><strong>B</strong></span> 
     </span>
    </p>
   </div>
   <div class='ocr_carea' id='block_1_2' title="bbox 323 164 380 205">
    <p class='ocr_par' dir='ltr' id='par_1_2' title="bbox 323 164 380 205">
     <span class='ocr_line' id='line_1_2' title="bbox 323 164 380 205; baseline 0 0"><span class='ocrx_word' id='word_1_2' title='bbox 323 164 380 205; x_wconf 87' lang='lat'>40</span> 
     </span>
    </p>
   </div>
   <div class='ocr_carea' id='block_1_3' title="bbox 917 159 1152 196">
    <p class='ocr_par' dir='ltr' id='par_1_3' title="bbox 917 159 1152 196">
     <span class='ocr_line' id='line_1_3' title="bbox 917 159 1152 196; baseline 0 -2"><span class='ocrx_word' id='word_1_3' title='bbox 917 160 1105 196; x_wconf 86' lang='lat' dir='ltr'>PLATON</span> <span class='ocrx_word' id='word_1_4' title='bbox 1110 159 1152 194; x_wconf 90' lang='lat' dir='ltr'>IS</span> 
     </span>
    </p>
   </div>
   <div class='ocr_carea' id='block_1_4' title="bbox 327 257 1742 385">
    <p class='ocr_par' dir='ltr' id='par_1_4' title="bbox 327 257 1742 385">
     <span class='ocr_line' id='line_1_4' title="bbox 443 257 1742 316; baseline -0.004 -10"><span class='ocrx_word' id='word_1_5' title='bbox 443 267 544 306; x_wconf 74' lang='grc' dir='ltr'>ΣΩ.</span> <span class='ocrx_word' id='word_1_6' title='bbox 592 259 702 304; x_wconf 81' lang='grc' dir='ltr'><em>Εἶτα</em></span> <span class='ocrx_word' id='word_1_7' title='bbox 733 263 779 303; x_wconf 85' lang='grc' dir='ltr'>τί</span> <span class='ocrx_word' id='word_1_8' title='bbox 804 263 957 311; x_wconf 82' lang='grc' dir='ltr'><em>τοῦτο;</em></span> <span class='ocrx_word' id='word_1_9' title='bbox 998 259 1052 303; x_wconf 82' lang='grc' dir='ltr'>οὐ</span> <span class='ocrx_word' id='word_1_10' title='bbox 1083 260 1140 303; x_wconf 79' lang='grc' dir='ltr'>σὺ</span> <span class='ocrx_word' id='word_1_11' title='bbox 1171 261 1321 316; x_wconf 83' lang='grc' dir='ltr'><em>μέντοι</em></span> <span class='ocrx_word' id='word_1_12' title='bbox 1346 257 1536 314; x_wconf 83' lang='grc' dir='ltr'><em>Ὁμήρου</em></span> <span class='ocrx_word' id='word_1_13' title='bbox 1568 260 1742 302; x_wconf 84' lang='grc' dir='ltr'><em>ἐπαινέ-</em></span> 
     </span>
     <span class='ocr_line' id='line_1_5' title="bbox 327 325 1742 385; baseline -0.004 -12"><span class='ocrx_word' id='word_1_14' title='bbox 327 347 404 385; x_wconf 81' lang='grc' dir='ltr'>της</span> <span class='ocrx_word' id='word_1_15' title='bbox 443 327 502 384; x_wconf 81' lang='grc' dir='ltr'>εἷ,</span> <span class='ocrx_word' id='word_1_16' title='bbox 544 327 591 379; x_wconf 79' lang='grc' dir='ltr'>ὃς</span> <span class='ocrx_word' id='word_1_17' title='bbox 628 331 713 384; x_wconf 79' lang='grc' dir='ltr'>ἔφη</span> <span class='ocrx_word' id='word_1_18' title='bbox 753 330 1048 384; x_wconf 77' lang='grc' dir='ltr'><em>χαριεστάτην</em></span> <span class='ocrx_word' id='word_1_19' title='bbox 1085 327 1200 383; x_wconf 78' lang='grc' dir='ltr'><em>ἥβην</em></span> <span class='ocrx_word' id='word_1_20' title='bbox 1241 325 1355 370; x_wconf 80' lang='grc' dir='ltr'><em>εἶναι</em></span> <span class='ocrx_word' id='word_1_21' title='bbox 1386 329 1466 369; x_wconf 86' lang='grc' dir='ltr'>τοῦ</span> <span class='ocrx_word' id='word_1_22' title='bbox 1495 325 1742 382; x_wconf 82' lang='grc' dir='ltr'><em>ὑπηνήτου,</em></span> 
     </span>
    </p>
   </div>
   <div class='ocr_carea' id='block_1_5' title="bbox 327 395 954 453">
    <p class='ocr_par' dir='ltr' id='par_1_5' title="bbox 327 395 954 453">
     <span class='ocr_line' id='line_1_6' title="bbox 327 395 954 453; baseline -0.003 -14"><span class='ocrx_word' id='word_1_23' title='bbox 327 395 384 453; x_wconf 76' lang='grc' dir='ltr'>ἢν</span> <span class='ocrx_word' id='word_1_24' title='bbox 415 400 501 439; x_wconf 86' lang='grc' dir='ltr'>νῦν</span> <span class='ocrx_word' id='word_1_25' title='bbox 538 396 817 451; x_wconf 77' lang='grc' dir='ltr'><em>Ἀλκιβιάδης</em></span> <span class='ocrx_word' id='word_1_26' title='bbox 847 398 954 450; x_wconf 78' lang='grc' dir='ltr'><em>ἔχει;</em></span> 
     </span>
    </p>
   </div>
   <div class='ocr_carea' id='block_1_6' title="bbox 329 455 1751 787">
    <p class='ocr_par' dir='ltr' id='par_1_6' title="bbox 329 455 1745 587">
     <span class='ocr_line' id='line_1_7' title="bbox 442 455 1745 517; baseline -0.004 -10"><span class='ocrx_word' id='word_1_27' title='bbox 442 468 533 506; x_wconf 90' lang='grc' dir='ltr'>ΕΤ.</span> <span class='ocrx_word' id='word_1_28' title='bbox 586 466 643 507; x_wconf 87' lang='grc' dir='ltr'>Τί</span> <span class='ocrx_word' id='word_1_29' title='bbox 676 458 760 505; x_wconf 77' lang='grc' dir='ltr'>οὖν</span> <span class='ocrx_word' id='word_1_30' title='bbox 797 464 850 504; x_wconf 79' lang='grc' dir='ltr'>τὰ</span> <span class='ocrx_word' id='word_1_31' title='bbox 889 466 995 512; x_wconf 87' lang='grc' dir='ltr'><em>νῦν;</em></span> <span class='ocrx_word' id='word_1_32' title='bbox 1040 455 1065 516; x_wconf 75' lang='grc' dir='ltr'><strong><em>ἦ</em></strong></span> <span class='ocrx_word' id='word_1_33' title='bbox 1104 461 1209 517; x_wconf 79' lang='grc' dir='ltr'><em>παρ’</em></span> <span class='ocrx_word' id='word_1_34' title='bbox 1250 463 1423 504; x_wconf 82' lang='grc' dir='ltr'><em>ἐκείνου</em></span> <span class='ocrx_word' id='word_1_35' title='bbox 1462 462 1629 513; x_wconf 68' lang='grc' dir='ltr'><em>φαίνεις</em></span> <span class='ocrx_word' id='word_1_36' title='bbox 1671 461 1745 503; x_wconf 82' lang='grc' dir='ltr'><em>καὶ</em></span> 
     </span>
     <span class='ocr_line' id='line_1_8' title="bbox 329 528 1179 587; baseline -0.006 -12"><span class='ocrx_word' id='word_1_37' title='bbox 329 540 424 582; x_wconf 73' lang='grc' dir='ltr'>πῶς</span> <span class='ocrx_word' id='word_1_38' title='bbox 454 530 566 587; x_wconf 80' lang='grc' dir='ltr'><em>πρὸς</em></span> <span class='ocrx_word' id='word_1_39' title='bbox 597 531 645 573; x_wconf 78' lang='grc' dir='ltr'>σὲ</span> <span class='ocrx_word' id='word_1_40' title='bbox 678 528 700 572; x_wconf 87' lang='grc' dir='ltr'><em>ὁ</em></span> <span class='ocrx_word' id='word_1_41' title='bbox 730 532 911 578; x_wconf 80' lang='grc' dir='ltr'><em>νεανίας</em></span> <span class='ocrx_word' id='word_1_42' title='bbox 942 530 1179 579; x_wconf 51' lang='lat' dir='ltr'>&amp;aduentam</span> 
     </span>
    </p>

    <p class='ocr_par' dir='ltr' id='par_1_7' title="bbox 329 591 1751 787">
     <span class='ocr_line' id='line_1_9' title="bbox 443 591 1748 653; baseline -0.003 -12"><span class='ocrx_word' id='word_1_43' title='bbox 443 602 542 644; x_wconf 73' lang='grc' dir='ltr'>ΣΩ,</span> <span class='ocrx_word' id='word_1_44' title='bbox 589 591 657 640; x_wconf 76' lang='grc' dir='ltr'>Εὖ</span> <span class='ocrx_word' id='word_1_45' title='bbox 695 599 843 653; x_wconf 77' lang='grc' dir='ltr'><em>ἔμοιγε</em></span> <span class='ocrx_word' id='word_1_46' title='bbox 879 598 1052 650; x_wconf 79' lang='grc' dir='ltr'><em>ἔδοξεν,</em></span> <span class='ocrx_word' id='word_1_47' title='bbox 1091 595 1173 650; x_wconf 78' lang='grc' dir='ltr'>οὐχ</span> <span class='ocrx_word' id='word_1_48' title='bbox 1202 596 1361 651; x_wconf 81' lang='grc' dir='ltr'><em>ἥκιστα</em></span> <span class='ocrx_word' id='word_1_49' title='bbox 1393 596 1440 638; x_wconf 77' lang='grc' dir='ltr'>δὲ</span> <span class='ocrx_word' id='word_1_50' title='bbox 1472 596 1546 638; x_wconf 80' lang='grc' dir='ltr'><em>καὶ</em></span> <span class='ocrx_word' id='word_1_51' title='bbox 1576 603 1632 652; x_wconf 78' lang='grc' dir='ltr'>τῇ</span> <span class='ocrx_word' id='word_1_52' title='bbox 1661 598 1748 638; x_wconf 84' lang='grc' dir='ltr'>νῦν</span> 
     </span>
     <span class='ocr_line' id='line_1_10' title="bbox 329 661 1750 723; baseline -0.003 -15"><span class='ocrx_word' id='word_1_53' title='bbox 329 665 488 723; x_wconf 74' lang='grc' dir='ltr'><em>ἡμέρα·</em></span> <span class='ocrx_word' id='word_1_54' title='bbox 520 666 595 707; x_wconf 79' lang='grc' dir='ltr'><em>καὶ</em></span> <span class='ocrx_word' id='word_1_55' title='bbox 625 664 711 719; x_wconf 73' lang='grc' dir='ltr'>γὰρ</span> <span class='ocrx_word' id='word_1_56' title='bbox 744 664 887 707; x_wconf 72' lang='grc' dir='ltr'><em>πολλοὶ</em></span> <span class='ocrx_word' id='word_1_57' title='bbox 918 662 1028 718; x_wconf 77' lang='grc' dir='ltr'><em>ὑπὲρ</em></span> <span class='ocrx_word' id='word_1_58' title='bbox 1061 665 1172 718; x_wconf 82' lang='grc' dir='ltr'>ἐμοῦ</span> <span class='ocrx_word' id='word_1_59' title='bbox 1203 661 1297 706; x_wconf 81' lang='grc' dir='ltr'><em>εἷπε</em></span> <span class='ocrx_word' id='word_1_60' title='bbox 1325 666 1511 719; x_wconf 77' lang='grc' dir='ltr'><em>βοηθῶν</em></span> <span class='ocrx_word' id='word_1_61' title='bbox 1534 663 1644 718; x_wconf 72' lang='grc' dir='ltr'><em>ἐμοί,</em></span> <span class='ocrx_word' id='word_1_62' title='bbox 1675 664 1750 705; x_wconf 82' lang='grc' dir='ltr'><em>καὶ</em></span> 
     </span>
     <span class='ocr_line' id='line_1_11' title="bbox 332 728 1751 787; baseline -0.003 -11"><span class='ocrx_word' id='word_1_63' title='bbox 332 728 418 777; x_wconf 77' lang='grc' dir='ltr'>οὖν</span> <span class='ocrx_word' id='word_1_64' title='bbox 450 734 522 776; x_wconf 80' lang='grc' dir='ltr'><em>καὶ</em></span> <span class='ocrx_word' id='word_1_65' title='bbox 553 731 652 787; x_wconf 76' lang='grc' dir='ltr'><em>ἄρτι</em></span> <span class='ocrx_word' id='word_1_66' title='bbox 683 731 758 775; x_wconf 76' lang='grc' dir='ltr'>ἀπ’</span> <span class='ocrx_word' id='word_1_67' title='bbox 792 732 970 774; x_wconf 82' lang='grc' dir='ltr'><em>ἐκείνου</em></span> <span class='ocrx_word' id='word_1_68' title='bbox 1001 734 1194 787; x_wconf 79' lang='grc' dir='ltr'><em>ἔρχομαι.</em></span> <span class='ocrx_word' id='word_1_69' title='bbox 1226 730 1394 774; x_wconf 77' lang='grc' dir='ltr'><em>ἄτοπον</em></span> <span class='ocrx_word' id='word_1_70' title='bbox 1425 731 1577 785; x_wconf 82' lang='grc' dir='ltr'><em>μέντοι</em></span> <span class='ocrx_word' id='word_1_71' title='bbox 1606 733 1653 773; x_wconf 88' lang='grc' dir='ltr'>τί</span> <span class='ocrx_word' id='word_1_72' title='bbox 1680 741 1751 772; x_wconf 87' lang='grc' dir='ltr'><em>σοι</em></span> 
     </span>
    </p>
   </div>
   <div class='ocr_carea' id='block_1_7' title="bbox 331 852 1755 1038">
    <p class='ocr_par' dir='ltr' id='par_1_8' title="bbox 331 852 1755 1038">
     <span class='ocr_line' id='line_1_12' title="bbox 446 852 1754 901; baseline -0.004 -8"><span class='ocrx_word' id='word_1_73' title='bbox 446 863 477 893; x_wconf 77' lang='grc'>2.</span> <span class='ocrx_word' id='word_1_74' title='bbox 508 854 750 901; x_wconf 81' lang='grc' dir='ltr'><em>ὑπηνήτου</em></span> <span class='ocrx_word' id='word_1_75' title='bbox 784 855 861 890; x_wconf 88' lang='lat' dir='ltr'>BT:</span> <span class='ocrx_word' id='word_1_76' title='bbox 899 858 1046 900; x_wconf 80' lang='grc' dir='ltr'><em>πρῶτον</em></span> <span class='ocrx_word' id='word_1_77' title='bbox 1082 852 1282 900; x_wconf 77' lang='grc' dir='ltr'><em>ὑπηνήτου</em></span> <span class='ocrx_word' id='word_1_78' title='bbox 1313 855 1431 890; x_wconf 86' lang='lat' dir='ltr'>Cobet</span> <span class='ocrx_word' id='word_1_79' title='bbox 1461 855 1638 890; x_wconf 83' lang='lat' dir='ltr'>Mnemos.</span> <span class='ocrx_word' id='word_1_80' title='bbox 1667 857 1754 889; x_wconf 85' lang='lat'>1880</span> 
     </span>
     <span class='ocr_line' id='line_1_13' title="bbox 331 898 1753 949; baseline -0.004 -10"><span class='ocrx_word' id='word_1_81' title='bbox 331 915 368 949; x_wconf 89' lang='lat' dir='ltr'>p.</span> <span class='ocrx_word' id='word_1_82' title='bbox 387 908 464 947; x_wconf 77' lang='lat'>329,</span> <span class='ocrx_word' id='word_1_83' title='bbox 491 903 555 938; x_wconf 89' lang='lat' dir='ltr'>sed</span> <span class='ocrx_word' id='word_1_84' title='bbox 571 902 769 947; x_wconf 82' lang='grc' dir='ltr'><em>ὑπηνήτης</em></span> <span class='ocrx_word' id='word_1_85' title='bbox 793 912 861 946; x_wconf 87' lang='lat' dir='ltr'>per</span> <span class='ocrx_word' id='word_1_86' title='bbox 885 913 922 936; x_wconf 89' lang='lat' dir='ltr'>se</span> <span class='ocrx_word' id='word_1_87' title='bbox 939 901 1072 936; x_wconf 81' lang='lat' dir='ltr'>Photio</span> <span class='ocrx_word' id='word_1_88' title='bbox 1089 903 1185 936; x_wconf 87' lang='lat' dir='ltr'>teste</span> <span class='ocrx_word' id='word_1_89' title='bbox 1203 901 1303 935; x_wconf 84' lang='lat' dir='ltr'>idem</span> <span class='ocrx_word' id='word_1_90' title='bbox 1321 900 1423 936; x_wconf 88' lang='lat' dir='ltr'>valet</span> <span class='ocrx_word' id='word_1_91' title='bbox 1439 902 1551 945; x_wconf 84' lang='lat' dir='ltr'>atque</span> <span class='ocrx_word' id='word_1_92' title='bbox 1577 898 1753 945; x_wconf 75' lang='grc' dir='ltr'>ἀκμαῖος,</span> 
     </span>
     <span class='ocr_line' id='line_1_14' title="bbox 335 944 1755 994; baseline -0.004 -10"><span class='ocrx_word' id='word_1_93' title='bbox 335 946 423 991; x_wconf 71' lang='grc' dir='ltr'><em>ἄρτι</em></span> <span class='ocrx_word' id='word_1_94' title='bbox 439 949 609 994; x_wconf 76' lang='grc' dir='ltr'><em>γενειῶν,</em></span> <span class='ocrx_word' id='word_1_95' title='bbox 638 948 674 982; x_wconf 88' lang='lat' dir='ltr'>et</span> <span class='ocrx_word' id='word_1_96' title='bbox 691 947 797 982; x_wconf 84' lang='lat' dir='ltr'>Plato</span> <span class='ocrx_word' id='word_1_97' title='bbox 823 947 999 989; x_wconf 83' lang='lat' dir='ltr'>aetatem,</span> <span class='ocrx_word' id='word_1_98' title='bbox 1025 947 1070 981; x_wconf 90' lang='lat' dir='ltr'>de</span> <span class='ocrx_word' id='word_1_99' title='bbox 1096 957 1170 990; x_wconf 85' lang='lat' dir='ltr'>qua</span> <span class='ocrx_word' id='word_1_100' title='bbox 1194 946 1254 980; x_wconf 86' lang='lat' dir='ltr'>hic</span> <span class='ocrx_word' id='word_1_101' title='bbox 1279 945 1426 985; x_wconf 84' lang='lat' dir='ltr'>dicitur,</span> <span class='ocrx_word' id='word_1_102' title='bbox 1452 948 1624 980; x_wconf 86' lang='lat' dir='ltr'>accurate</span> <span class='ocrx_word' id='word_1_103' title='bbox 1650 944 1755 979; x_wconf 83' lang='lat' dir='ltr'>nota-</span> 
     </span>
     <span class='ocr_line' id='line_1_15' title="bbox 335 991 1443 1038; baseline -0.002 -10"><span class='ocrx_word' id='word_1_104' title='bbox 335 994 407 1038; x_wconf 89' lang='lat' dir='ltr'>vit,</span> <span class='ocrx_word' id='word_1_105' title='bbox 440 995 482 1028; x_wconf 93' lang='lat' dir='ltr'>ut</span> <span class='ocrx_word' id='word_1_106' title='bbox 506 993 745 1028; x_wconf 88' lang='lat' dir='ltr'>Homericum</span> <span class='ocrx_word' id='word_1_107' title='bbox 769 991 862 1026; x_wconf 89' lang='lat' dir='ltr'>illud</span> <span class='ocrx_word' id='word_1_108' title='bbox 886 994 1034 1036; x_wconf 82' lang='grc' dir='ltr'><em>πρῶτον</em></span> <span class='ocrx_word' id='word_1_109' title='bbox 1059 992 1093 1026; x_wconf 84' lang='grc'>11.</span> <span class='ocrx_word' id='word_1_110' title='bbox 1119 992 1142 1026; x_wconf 91' lang='lat' dir='ltr'>l.</span> <span class='ocrx_word' id='word_1_111' title='bbox 1169 1001 1242 1026; x_wconf 90' lang='lat' dir='ltr'>non</span> <span class='ocrx_word' id='word_1_112' title='bbox 1268 1001 1359 1034; x_wconf 86' lang='lat' dir='ltr'>opus</span> <span class='ocrx_word' id='word_1_113' title='bbox 1384 991 1443 1026; x_wconf 82' lang='lat' dir='ltr'>sit.</span> 
     </span>
    </p>
   </div>
   <div class='ocr_carea' id='block_1_8' title="bbox 333 1103 1031 2907">
    <p class='ocr_par' dir='ltr' id='par_1_9' title="bbox 333 1103 1018 1593">
     <span class='ocr_line' id='line_1_16' title="bbox 333 1103 1013 1149; baseline -0.006 -8"><span class='ocrx_word' id='word_1_114' title='bbox 333 1103 419 1148; x_wconf 81' lang='grc' dir='ltr'><em>τός,</em></span> <span class='ocrx_word' id='word_1_115' title='bbox 457 1116 553 1149; x_wconf 88' lang='lat' dir='ltr'>quae</span> <span class='ocrx_word' id='word_1_116' title='bbox 592 1103 669 1139; x_wconf 86' lang='lat' dir='ltr'>eius</span> <span class='ocrx_word' id='word_1_117' title='bbox 706 1105 762 1139; x_wconf 89' lang='lat' dir='ltr'>est</span> <span class='ocrx_word' id='word_1_118' title='bbox 792 1103 1013 1139; x_wconf 82' lang='lat' dir='ltr'>excludendi</span> 
     </span>
     <span class='ocr_line' id='line_1_17' title="bbox 335 1148 1013 1193; baseline -0.003 -8"><span class='ocrx_word' id='word_1_119' title='bbox 335 1151 454 1191; x_wconf 85' lang='lat' dir='ltr'>notio,</span> <span class='ocrx_word' id='word_1_120' title='bbox 477 1151 515 1185; x_wconf 90' lang='lat' dir='ltr'>in</span> <span class='ocrx_word' id='word_1_121' title='bbox 540 1151 597 1185; x_wconf 90' lang='lat' dir='ltr'>his</span> <span class='ocrx_word' id='word_1_122' title='bbox 621 1149 722 1184; x_wconf 89' lang='lat' dir='ltr'>idem</span> <span class='ocrx_word' id='word_1_123' title='bbox 749 1151 804 1184; x_wconf 83' lang='lat' dir='ltr'>est</span> <span class='ocrx_word' id='word_1_124' title='bbox 829 1160 872 1183; x_wconf 89' lang='lat' dir='ltr'>ac</span> <span class='ocrx_word' id='word_1_125' title='bbox 897 1148 1013 1193; x_wconf 81' lang='grc' dir='ltr'><em>μόνος</em></span> 
     </span>
     <span class='ocr_line' id='line_1_18' title="bbox 335 1194 1013 1231; baseline -0.004 0"><span class='ocrx_word' id='word_1_126' title='bbox 335 1207 403 1231; x_wconf 88' lang='lat' dir='ltr'>nec</span> <span class='ocrx_word' id='word_1_127' title='bbox 427 1196 524 1230; x_wconf 87' lang='lat' dir='ltr'>inter</span> <span class='ocrx_word' id='word_1_128' title='bbox 549 1207 586 1230; x_wconf 89' lang='lat' dir='ltr'>se</span> <span class='ocrx_word' id='word_1_129' title='bbox 614 1194 790 1229; x_wconf 89' lang='lat' dir='ltr'>differunt</span> <span class='ocrx_word' id='word_1_130' title='bbox 809 1194 1013 1228; x_wconf 86' lang='lat' dir='ltr'>locutiones</span> 
     </span>
     <span class='ocr_line' id='line_1_19' title="bbox 338 1238 1012 1286; baseline -0.004 -10"><span class='ocrx_word' id='word_1_131' title='bbox 338 1239 451 1276; x_wconf 81' lang='grc' dir='ltr'><em>αὐτοί</em></span> <span class='ocrx_word' id='word_1_132' title='bbox 480 1238 591 1286; x_wconf 79' lang='grc' dir='ltr'><em>ἐσμεν</em></span> <span class='ocrx_word' id='word_1_133' title='bbox 624 1240 684 1285; x_wconf 84' lang='grc'>((16</span> <span class='ocrx_word' id='word_1_134' title='bbox 715 1240 788 1284; x_wconf 84' lang='lat' dir='ltr'>leg.</span> <span class='ocrx_word' id='word_1_135' title='bbox 820 1251 856 1283; x_wconf 88' lang='lat' dir='ltr'>p.</span> <span class='ocrx_word' id='word_1_136' title='bbox 889 1243 954 1275; x_wconf 84' lang='lat'>836</span> <span class='ocrx_word' id='word_1_137' title='bbox 973 1239 1012 1281; x_wconf 89' lang='lat' dir='ltr'>B,</span> 
     </span>
     <span class='ocr_line' id='line_1_20' title="bbox 336 1282 1012 1331; baseline -0.003 -11"><span class='ocrx_word' id='word_1_138' title='bbox 336 1287 527 1331; x_wconf 85' lang='lat' dir='ltr'>Aristoph.</span> <span class='ocrx_word' id='word_1_139' title='bbox 554 1286 644 1322; x_wconf 89' lang='lat' dir='ltr'>Ach.</span> <span class='ocrx_word' id='word_1_140' title='bbox 670 1289 735 1319; x_wconf 82' lang='lat'>504</span> <span class='ocrx_word' id='word_1_141' title='bbox 752 1285 813 1327; x_wconf 83' lang='lat' dir='ltr'>al.)</span> <span class='ocrx_word' id='word_1_142' title='bbox 841 1286 879 1319; x_wconf 85' lang='lat' dir='ltr'>et</span> <span class='ocrx_word' id='word_1_143' title='bbox 903 1282 1012 1328; x_wconf 82' lang='grc' dir='ltr'><em>μόνοι</em></span> 
     </span>
     <span class='ocr_line' id='line_1_21' title="bbox 338 1330 1014 1375; baseline -0.004 -8"><span class='ocrx_word' id='word_1_144' title='bbox 338 1330 450 1375; x_wconf 82' lang='grc' dir='ltr'><em>ἐσμέν</em></span> <span class='ocrx_word' id='word_1_145' title='bbox 476 1331 634 1373; x_wconf 78' lang='grc' dir='ltr'>(Μ6116Χ.</span> <span class='ocrx_word' id='word_1_146' title='bbox 661 1341 697 1373; x_wconf 86' lang='lat' dir='ltr'>p.</span> <span class='ocrx_word' id='word_1_147' title='bbox 715 1333 780 1364; x_wconf 81' lang='lat'>236</span> <span class='ocrx_word' id='word_1_148' title='bbox 798 1330 858 1372; x_wconf 89' lang='lat' dir='ltr'>D),</span> <span class='ocrx_word' id='word_1_149' title='bbox 884 1331 928 1366; x_wconf 86' lang='lat' dir='ltr'>cf.</span> <span class='ocrx_word' id='word_1_150' title='bbox 949 1333 1014 1364; x_wconf 75' lang='lat'>320</span> 
     </span>
     <span class='ocr_line' id='line_1_22' title="bbox 337 1369 1016 1419; baseline -0.001 -9"><span class='ocrx_word' id='word_1_151' title='bbox 337 1377 381 1410; x_wconf 93' lang='lat' dir='ltr'>A.</span> <span class='ocrx_word' id='word_1_152' title='bbox 408 1376 450 1410; x_wconf 88' lang='lat' dir='ltr'>D.</span> <span class='ocrx_word' id='word_1_153' title='bbox 499 1376 723 1419; x_wconf 78' lang='lat' dir='ltr'>Plerumque</span> <span class='ocrx_word' id='word_1_154' title='bbox 749 1376 875 1409; x_wconf 86' lang='lat' dir='ltr'>autem</span> <span class='ocrx_word' id='word_1_155' title='bbox 901 1369 1016 1414; x_wconf 74' lang='grc' dir='ltr'><em>αὑτός</em></span> 
     </span>
     <span class='ocr_line' id='line_1_23' title="bbox 339 1419 1016 1465; baseline -0.004 -10"><span class='ocrx_word' id='word_1_156' title='bbox 339 1421 479 1456; x_wconf 80' lang='lat' dir='ltr'>maiore</span> <span class='ocrx_word' id='word_1_157' title='bbox 527 1421 690 1464; x_wconf 86' lang='lat' dir='ltr'>quadam</span> <span class='ocrx_word' id='word_1_158' title='bbox 729 1419 766 1453; x_wconf 87' lang='lat' dir='ltr'>vi</span> <span class='ocrx_word' id='word_1_159' title='bbox 805 1419 1016 1465; x_wconf 83' lang='lat' dir='ltr'>pronomini</span> 
     </span>
     <span class='ocr_line' id='line_1_24' title="bbox 339 1465 1018 1511; baseline -0.006 -10"><span class='ocrx_word' id='word_1_160' title='bbox 339 1466 526 1511; x_wconf 87' lang='lat' dir='ltr'>personali</span> <span class='ocrx_word' id='word_1_161' title='bbox 558 1465 816 1511; x_wconf 77' lang='lat' dir='ltr'>praeponitur,</span> <span class='ocrx_word' id='word_1_162' title='bbox 847 1465 919 1498; x_wconf 86' lang='lat' dir='ltr'>vid.</span> <span class='ocrx_word' id='word_1_163' title='bbox 948 1465 1018 1498; x_wconf 88' lang='lat' dir='ltr'>Ast</span> 
     </span>
     <span class='ocr_line' id='line_1_25' title="bbox 339 1509 1016 1554; baseline -0.004 -7"><span class='ocrx_word' id='word_1_164' title='bbox 339 1511 458 1548; x_wconf 81' lang='lat' dir='ltr'>Lexic.</span> <span class='ocrx_word' id='word_1_165' title='bbox 491 1511 640 1548; x_wconf 72' lang='lat' dir='ltr'>P1at.1.</span> <span class='ocrx_word' id='word_1_166' title='bbox 673 1514 737 1545; x_wconf 87' lang='lat'>317</span> <span class='ocrx_word' id='word_1_167' title='bbox 776 1512 813 1545; x_wconf 90' lang='lat' dir='ltr'>et</span> <span class='ocrx_word' id='word_1_168' title='bbox 846 1509 1016 1554; x_wconf 87' lang='lat' dir='ltr'>Xenoph.</span> 
     </span>
     <span class='ocr_line' id='line_1_26' title="bbox 341 1556 610 1593; baseline 0 -2"><span class='ocrx_word' id='word_1_169' title='bbox 341 1567 442 1592; x_wconf 89' lang='lat' dir='ltr'>conv.</span> <span class='ocrx_word' id='word_1_170' title='bbox 469 1556 530 1593; x_wconf 85' lang='lat' dir='ltr'>IV.</span> <span class='ocrx_word' id='word_1_171' title='bbox 556 1560 610 1591; x_wconf 88' lang='lat'>30.</span> 
     </span>
    </p>

    <p class='ocr_par' dir='ltr' id='par_1_10' title="bbox 340 1598 1019 1961">
     <span class='ocr_line' id='line_1_27' title="bbox 387 1598 1017 1645; baseline -0.003 -9"><span class='ocrx_word' id='word_1_172' title='bbox 387 1606 418 1638; x_wconf 87' lang='lat'>1.</span> <span class='ocrx_word' id='word_1_173' title='bbox 452 1599 551 1636; x_wconf 80' lang='grc' dir='ltr'><em>εἶτα</em></span> <span class='ocrx_word' id='word_1_174' title='bbox 588 1602 634 1635; x_wconf 82' lang='grc' dir='ltr'>τί</span> <span class='ocrx_word' id='word_1_175' title='bbox 665 1600 815 1645; x_wconf 79' lang='grc' dir='ltr'><em>τοῦτο]</em></span> <span class='ocrx_word' id='word_1_176' title='bbox 850 1598 1017 1634; x_wconf 81' lang='lat' dir='ltr'>Admira—</span> 
     </span>
     <span class='ocr_line' id='line_1_28' title="bbox 340 1644 1017 1689; baseline -0.004 -9"><span class='ocrx_word' id='word_1_177' title='bbox 340 1647 445 1689; x_wconf 86' lang='lat' dir='ltr'>tioni,</span> <span class='ocrx_word' id='word_1_178' title='bbox 472 1657 583 1689; x_wconf 80' lang='lat' dir='ltr'>quam</span> <span class='ocrx_word' id='word_1_179' title='bbox 601 1646 718 1680; x_wconf 86' lang='lat' dir='ltr'>verba</span> <span class='ocrx_word' id='word_1_180' title='bbox 735 1645 928 1679; x_wconf 84' lang='lat' dir='ltr'>familiaris</span> <span class='ocrx_word' id='word_1_181' title='bbox 946 1644 1017 1678; x_wconf 88' lang='lat' dir='ltr'>sibi</span> 
     </span>
     <span class='ocr_line' id='line_1_29' title="bbox 342 1689 1017 1733; baseline -0.004 -8"><span class='ocrx_word' id='word_1_182' title='bbox 342 1702 492 1725; x_wconf 88' lang='lat' dir='ltr'>movere</span> <span class='ocrx_word' id='word_1_183' title='bbox 511 1690 682 1726; x_wconf 74' lang='lat' dir='ltr'>Socrates</span> <span class='ocrx_word' id='word_1_184' title='bbox 707 1690 870 1732; x_wconf 87' lang='lat' dir='ltr'>simulat,</span> <span class='ocrx_word' id='word_1_185' title='bbox 895 1689 1017 1733; x_wconf 79' lang='lat' dir='ltr'>expri-</span> 
     </span>
     <span class='ocr_line' id='line_1_30' title="bbox 342 1732 1018 1780; baseline -0.004 -9"><span class='ocrx_word' id='word_1_186' title='bbox 342 1736 500 1771; x_wconf 80' lang='lat' dir='ltr'>mendae</span> <span class='ocrx_word' id='word_1_187' title='bbox 531 1735 682 1770; x_wconf 89' lang='lat' dir='ltr'>inservit</span> <span class='ocrx_word' id='word_1_188' title='bbox 708 1737 746 1769; x_wconf 89' lang='lat' dir='ltr'>et</span> <span class='ocrx_word' id='word_1_189' title='bbox 769 1735 899 1780; x_wconf 85' lang='lat' dir='ltr'>partic,</span> <span class='ocrx_word' id='word_1_190' title='bbox 934 1732 1018 1769; x_wconf 79' lang='grc' dir='ltr'><em>εἶτα</em></span> 
     </span>
     <span class='ocr_line' id='line_1_31' title="bbox 343 1780 1018 1825; baseline -0.004 -9"><span class='ocrx_word' id='word_1_191' title='bbox 343 1783 380 1817; x_wconf 85' lang='lat' dir='ltr'>et</span> <span class='ocrx_word' id='word_1_192' title='bbox 394 1780 570 1816; x_wconf 87' lang='lat' dir='ltr'>orationis</span> <span class='ocrx_word' id='word_1_193' title='bbox 584 1781 704 1815; x_wconf 90' lang='lat' dir='ltr'>forma</span> <span class='ocrx_word' id='word_1_194' title='bbox 714 1780 888 1825; x_wconf 72' lang='lat' dir='ltr'>ellipffica,</span> <span class='ocrx_word' id='word_1_195' title='bbox 906 1790 1018 1823; x_wconf 88' lang='lat' dir='ltr'>quam</span> 
     </span>
     <span class='ocr_line' id='line_1_32' title="bbox 344 1822 1018 1870; baseline -0.004 -9"><span class='ocrx_word' id='word_1_196' title='bbox 344 1827 495 1870; x_wconf 83' lang='lat' dir='ltr'>explere</span> <span class='ocrx_word' id='word_1_197' title='bbox 521 1826 645 1870; x_wconf 86' lang='lat' dir='ltr'>potuit</span> <span class='ocrx_word' id='word_1_198' title='bbox 668 1826 729 1860; x_wconf 84' lang='lat' dir='ltr'>vel</span> <span class='ocrx_word' id='word_1_199' title='bbox 754 1822 834 1860; x_wconf 82' lang='grc' dir='ltr'><em>ἐστί</em></span> <span class='ocrx_word' id='word_1_200' title='bbox 858 1825 916 1859; x_wconf 89' lang='lat' dir='ltr'>vel</span> <span class='ocrx_word' id='word_1_201' title='bbox 935 1826 1018 1859; x_wconf 79' lang='grc' dir='ltr'><em>δια-</em></span> 
     </span>
     <span class='ocr_line' id='line_1_33' title="bbox 345 1865 1019 1917; baseline -0.006 -10"><span class='ocrx_word' id='word_1_202' title='bbox 345 1872 455 1917; x_wconf 83' lang='grc' dir='ltr'><em>φέρει</em></span> <span class='ocrx_word' id='word_1_203' title='bbox 473 1871 658 1913; x_wconf 81' lang='lat' dir='ltr'>addendo,</span> <span class='ocrx_word' id='word_1_204' title='bbox 678 1872 720 1905; x_wconf 86' lang='lat' dir='ltr'>ut</span> <span class='ocrx_word' id='word_1_205' title='bbox 732 1874 840 1915; x_wconf 87' lang='lat' dir='ltr'>p.331</span> <span class='ocrx_word' id='word_1_206' title='bbox 852 1869 892 1905; x_wconf 88' lang='lat' dir='ltr'>C:</span> <span class='ocrx_word' id='word_1_207' title='bbox 921 1865 1019 1904; x_wconf 66' lang='grc' dir='ltr'>ἀλλὰ</span> 
     </span>
     <span class='ocr_line' id='line_1_34' title="bbox 344 1916 745 1961; baseline -0.005 -9"><span class='ocrx_word' id='word_1_208' title='bbox 344 1919 384 1952; x_wconf 88' lang='grc' dir='ltr'>τί</span> <span class='ocrx_word' id='word_1_209' title='bbox 407 1918 519 1952; x_wconf 79' lang='grc' dir='ltr'><em>τοῦτο</em></span> <span class='ocrx_word' id='word_1_210' title='bbox 547 1916 745 1961; x_wconf 77' lang='grc' dir='ltr'><em>ὃιαφὲρει;</em></span> 
     </span>
    </p>

    <p class='ocr_par' dir='ltr' id='par_1_11' title="bbox 346 1958 1026 2547">
     <span class='ocr_line' id='line_1_35' title="bbox 392 1958 1018 2004; baseline -0.008 -7"><span class='ocrx_word' id='word_1_211' title='bbox 392 1959 444 1997; x_wconf 84' lang='grc' dir='ltr'>ου’</span> <span class='ocrx_word' id='word_1_212' title='bbox 477 1960 527 1996; x_wconf 80' lang='grc' dir='ltr'>σύ</span> <span class='ocrx_word' id='word_1_213' title='bbox 559 1962 719 2004; x_wconf 83' lang='grc' dir='ltr'><em>μέντοι</em></span> <span class='ocrx_word' id='word_1_214' title='bbox 741 1958 825 2004; x_wconf 87' lang='grc' dir='ltr'>Ὁμ.</span> <span class='ocrx_word' id='word_1_215' title='bbox 858 1958 938 2003; x_wconf 73' lang='grc' dir='ltr'>ἐπ]</span> <span class='ocrx_word' id='word_1_216' title='bbox 967 1970 1018 1993; x_wconf 87' lang='lat' dir='ltr'>an</span> 
     </span>
     <span class='ocr_line' id='line_1_36' title="bbox 346 2004 1020 2041; baseline -0.004 -1"><span class='ocrx_word' id='word_1_217' title='bbox 346 2017 452 2041; x_wconf 85' lang='lat' dir='ltr'>vero</span> <span class='ocrx_word' id='word_1_218' title='bbox 478 2008 525 2040; x_wconf 88' lang='lat' dir='ltr'>tu</span> <span class='ocrx_word' id='word_1_219' title='bbox 547 2006 740 2040; x_wconf 83' lang='lat' dir='ltr'>Homero</span> <span class='ocrx_word' id='word_1_220' title='bbox 765 2015 850 2039; x_wconf 91' lang='lat' dir='ltr'>non</span> <span class='ocrx_word' id='word_1_221' title='bbox 877 2004 1020 2038; x_wconf 88' lang='lat' dir='ltr'>adsti-</span> 
     </span>
     <span class='ocr_line' id='line_1_37' title="bbox 347 2049 1022 2095; baseline -0.003 -10"><span class='ocrx_word' id='word_1_222' title='bbox 347 2051 548 2095; x_wconf 77' lang='lat' dir='ltr'>pularis‘?</span> <span class='ocrx_word' id='word_1_223' title='bbox 580 2051 806 2085; x_wconf 80' lang='lat' dir='ltr'>stimmest</span> <span class='ocrx_word' id='word_1_224' title='bbox 836 2050 891 2083; x_wconf 89' lang='lat' dir='ltr'>du</span> <span class='ocrx_word' id='word_1_225' title='bbox 915 2049 1022 2083; x_wconf 70' lang='lat' dir='ltr'>wirla-</span> 
     </span>
     <span class='ocr_line' id='line_1_38' title="bbox 348 2094 1021 2132; baseline -0.006 -1"><span class='ocrx_word' id='word_1_226' title='bbox 348 2097 420 2132; x_wconf 74' lang='lat' dir='ltr'>lich</span> <span class='ocrx_word' id='word_1_227' title='bbox 449 2097 579 2130; x_wconf 88' lang='lat' dir='ltr'>nicht</span> <span class='ocrx_word' id='word_1_228' title='bbox 609 2096 707 2130; x_wconf 89' lang='lat' dir='ltr'>dem</span> <span class='ocrx_word' id='word_1_229' title='bbox 732 2095 896 2129; x_wconf 86' lang='lat' dir='ltr'>Homer</span> <span class='ocrx_word' id='word_1_230' title='bbox 925 2094 1021 2128; x_wconf 78' lang='lat' dir='ltr'>bei?</span> 
     </span>
     <span class='ocr_line' id='line_1_39' title="bbox 346 2140 1021 2185; baseline -0.004 -9"><span class='ocrx_word' id='word_1_231' title='bbox 346 2142 423 2179; x_wconf 67' lang='lat' dir='ltr'>he</span> <span class='ocrx_word' id='word_1_232' title='bbox 442 2141 662 2185; x_wconf 86' lang='lat' dir='ltr'>putabam</span> <span class='ocrx_word' id='word_1_233' title='bbox 678 2151 784 2175; x_wconf 91' lang='lat' dir='ltr'>vero</span> <span class='ocrx_word' id='word_1_234' title='bbox 802 2141 846 2174; x_wconf 89' lang='lat' dir='ltr'>te</span> <span class='ocrx_word' id='word_1_235' title='bbox 865 2140 1021 2173; x_wconf 87' lang='lat' dir='ltr'>Home·</span> 
     </span>
     <span class='ocr_line' id='line_1_40' title="bbox 348 2185 1022 2231; baseline -0.003 -11"><span class='ocrx_word' id='word_1_236' title='bbox 348 2198 443 2221; x_wconf 87' lang='lat' dir='ltr'>rum</span> <span class='ocrx_word' id='word_1_237' title='bbox 460 2187 675 2231; x_wconf 85' lang='lat' dir='ltr'>probare,</span> <span class='ocrx_word' id='word_1_238' title='bbox 704 2185 1022 2219; x_wconf 86' lang='lat' dir='ltr'>dicentemetc.</span> 
     </span>
     <span class='ocr_line' id='line_1_41' title="bbox 348 2225 1025 2276; baseline -0.004 -10"><span class='ocrx_word' id='word_1_239' title='bbox 348 2231 530 2276; x_wconf 76' lang='lat' dir='ltr'>Exempla</span> <span class='ocrx_word' id='word_1_240' title='bbox 552 2231 707 2266; x_wconf 81' lang='lat' dir='ltr'>voculae</span> <span class='ocrx_word' id='word_1_241' title='bbox 729 2231 857 2274; x_wconf 81' lang='grc' dir='ltr'><em>μέντοι</em></span> <span class='ocrx_word' id='word_1_242' title='bbox 878 2230 963 2274; x_wconf 84' lang='lat' dir='ltr'>post</span> <span class='ocrx_word' id='word_1_243' title='bbox 980 2225 1025 2263; x_wconf 83' lang='grc' dir='ltr'>οὐ</span> 
     </span>
     <span class='ocr_line' id='line_1_42' title="bbox 351 2275 1025 2320; baseline -0.004 -9"><span class='ocrx_word' id='word_1_244' title='bbox 351 2277 402 2312; x_wconf 88' lang='lat' dir='ltr'>sic</span> <span class='ocrx_word' id='word_1_245' title='bbox 433 2276 470 2310; x_wconf 87' lang='lat' dir='ltr'>in</span> <span class='ocrx_word' id='word_1_246' title='bbox 500 2276 793 2320; x_wconf 64' lang='lat' dir='ltr'>interrogatione</span> <span class='ocrx_word' id='word_1_247' title='bbox 824 2275 1025 2319; x_wconf 76' lang='lat' dir='ltr'>usurpatae</span> 
     </span>
     <span class='ocr_line' id='line_1_43' title="bbox 350 2319 1025 2356; baseline -0.003 0"><span class='ocrx_word' id='word_1_248' title='bbox 350 2321 521 2356; x_wconf 82' lang='lat' dir='ltr'>laudavit</span> <span class='ocrx_word' id='word_1_249' title='bbox 545 2320 841 2355; x_wconf 84' lang='lat' dir='ltr'>Heindorfius</span> <span class='ocrx_word' id='word_1_250' title='bbox 867 2320 914 2353; x_wconf 88' lang='lat' dir='ltr'>ad</span> <span class='ocrx_word' id='word_1_251' title='bbox 938 2319 974 2354; x_wconf 90' lang='lat' dir='ltr'>h.</span> <span class='ocrx_word' id='word_1_252' title='bbox 1002 2319 1025 2355; x_wconf 90' lang='lat' dir='ltr'>l.</span> 
     </span>
     <span class='ocr_line' id='line_1_44' title="bbox 352 2364 1024 2410; baseline -0.004 -9"><span class='ocrx_word' id='word_1_253' title='bbox 352 2367 446 2401; x_wconf 86' lang='lat' dir='ltr'>conf.</span> <span class='ocrx_word' id='word_1_254' title='bbox 479 2366 525 2401; x_wconf 87' lang='lat' dir='ltr'>de</span> <span class='ocrx_word' id='word_1_255' title='bbox 543 2377 621 2410; x_wconf 86' lang='lat' dir='ltr'>rep.</span> <span class='ocrx_word' id='word_1_256' title='bbox 649 2366 727 2399; x_wconf 89' lang='lat' dir='ltr'>VH.</span> <span class='ocrx_word' id='word_1_257' title='bbox 749 2364 859 2400; x_wconf 75' lang='lat'>5210.</span> <span class='ocrx_word' id='word_1_258' title='bbox 884 2364 945 2399; x_wconf 88' lang='lat' dir='ltr'>IX.</span> <span class='ocrx_word' id='word_1_259' title='bbox 962 2367 1024 2398; x_wconf 84' lang='lat'>581</span> 
     </span>
     <span class='ocr_line' id='line_1_45' title="bbox 352 2410 1026 2453; baseline -0.006 -7"><span class='ocrx_word' id='word_1_260' title='bbox 352 2412 395 2449; x_wconf 90' lang='lat' dir='ltr'>A.</span> <span class='ocrx_word' id='word_1_261' title='bbox 419 2411 571 2448; x_wconf 83' lang='lat' dir='ltr'>Theaet.</span> <span class='ocrx_word' id='word_1_262' title='bbox 592 2415 655 2446; x_wconf 88' lang='grc'>163</span> <span class='ocrx_word' id='word_1_263' title='bbox 669 2411 708 2445; x_wconf 91' lang='grc' dir='ltr'>Ε.</span> <span class='ocrx_word' id='word_1_264' title='bbox 734 2410 891 2444; x_wconf 88' lang='lat' dir='ltr'>Phaedr.</span> <span class='ocrx_word' id='word_1_265' title='bbox 908 2421 942 2453; x_wconf 87' lang='lat' dir='ltr'>p.</span> <span class='ocrx_word' id='word_1_266' title='bbox 961 2413 1026 2443; x_wconf 69' lang='lat'>2⁴29</span> 
     </span>
     <span class='ocr_line' id='line_1_46' title="bbox 351 2454 1026 2501; baseline -0.006 -10"><span class='ocrx_word' id='word_1_267' title='bbox 351 2457 393 2493; x_wconf 91' lang='lat' dir='ltr'>B.</span> <span class='ocrx_word' id='word_1_268' title='bbox 420 2456 532 2501; x_wconf 86' lang='lat' dir='ltr'>Hipp.</span> <span class='ocrx_word' id='word_1_269' title='bbox 563 2457 649 2493; x_wconf 86' lang='lat' dir='ltr'>min.</span> <span class='ocrx_word' id='word_1_270' title='bbox 675 2468 708 2501; x_wconf 87' lang='lat' dir='ltr'>p.</span> <span class='ocrx_word' id='word_1_271' title='bbox 736 2459 800 2490; x_wconf 86' lang='grc'>366</span> <span class='ocrx_word' id='word_1_272' title='bbox 820 2455 855 2492; x_wconf 84' lang='grc' dir='ltr'>Ο.</span> <span class='ocrx_word' id='word_1_273' title='bbox 889 2454 1026 2498; x_wconf 84' lang='lat' dir='ltr'>Cratyl.</span> 
     </span>
     <span class='ocr_line' id='line_1_47' title="bbox 351 2500 771 2547; baseline -0.005 -10"><span class='ocrx_word' id='word_1_274' title='bbox 351 2514 388 2547; x_wconf 82' lang='lat' dir='ltr'>p.</span> <span class='ocrx_word' id='word_1_275' title='bbox 415 2505 480 2536; x_wconf 85' lang='lat'>439</span> <span class='ocrx_word' id='word_1_276' title='bbox 498 2502 541 2536; x_wconf 83' lang='lat' dir='ltr'>A.</span> <span class='ocrx_word' id='word_1_277' title='bbox 569 2502 615 2536; x_wconf 88' lang='lat' dir='ltr'>al.</span> <span class='ocrx_word' id='word_1_278' title='bbox 641 2500 771 2535; x_wconf 76' lang='lat' dir='ltr'>Stallb.</span> 
     </span>
    </p>

    <p class='ocr_par' dir='ltr' id='par_1_12' title="bbox 354 2541 1031 2907">
     <span class='ocr_line' id='line_1_48' title="bbox 400 2541 1028 2591; baseline -0.005 -10"><span class='ocrx_word' id='word_1_279' title='bbox 400 2551 431 2582; x_wconf 72' lang='lat' dir='ltr'>e.</span> <span class='ocrx_word' id='word_1_280' title='bbox 456 2541 503 2586; x_wconf 79' lang='grc' dir='ltr'>ὃς</span> <span class='ocrx_word' id='word_1_281' title='bbox 530 2545 792 2591; x_wconf 73' lang='grc' dir='ltr'><em>ἔφη-ἕχει]</em></span> <span class='ocrx_word' id='word_1_282' title='bbox 814 2544 1028 2586; x_wconf 78' lang='lat' dir='ltr'>Od.10‚279</span> 
     </span>
     <span class='ocr_line' id='line_1_49' title="bbox 357 2589 1027 2636; baseline -0.007 -9"><span class='ocrx_word' id='word_1_283' title='bbox 357 2595 411 2635; x_wconf 85' lang='lat' dir='ltr'>(et</span> <span class='ocrx_word' id='word_1_284' title='bbox 434 2592 475 2627; x_wconf 88' lang='lat' dir='ltr'>ll.</span> <span class='ocrx_word' id='word_1_285' title='bbox 495 2595 549 2635; x_wconf 76' lang='lat'>24,</span> <span class='ocrx_word' id='word_1_286' title='bbox 570 2591 652 2636; x_wconf 85' lang='lat'>348)</span> <span class='ocrx_word' id='word_1_287' title='bbox 672 2590 874 2626; x_wconf 86' lang='lat' dir='ltr'>Mercurius</span> <span class='ocrx_word' id='word_1_288' title='bbox 893 2589 1027 2624; x_wconf 85' lang='lat' dir='ltr'>descri-</span> 
     </span>
     <span class='ocr_line' id='line_1_50' title="bbox 354 2633 1029 2691; baseline -0.007 -19"><span class='ocrx_word' id='word_1_289' title='bbox 354 2637 607 2691; x_wconf 59' lang='grc' dir='ltr'>1)11;111;νεηνίῃ</span> <span class='ocrx_word' id='word_1_290' title='bbox 632 2635 745 2680; x_wconf 75' lang='grc' dir='ltr'><em>ἀνδρὶ</em></span> <span class='ocrx_word' id='word_1_291' title='bbox 764 2633 907 2677; x_wconf 71' lang='grc' dir='ltr'><em>ἐοικώς,</em></span> <span class='ocrx_word' id='word_1_292' title='bbox 933 2634 1029 2675; x_wconf 83' lang='grc' dir='ltr'><em>πρῶ-</em></span> 
     </span>
     <span class='ocr_line' id='line_1_51' title="bbox 357 2677 1028 2726; baseline -0.006 -9"><span class='ocrx_word' id='word_1_293' title='bbox 357 2696 422 2717; x_wconf 86' lang='grc' dir='ltr'>τον</span> <span class='ocrx_word' id='word_1_294' title='bbox 439 2695 626 2726; x_wconf 82' lang='grc' dir='ltr'><em>υπηνητῃ,</em></span> <span class='ocrx_word' id='word_1_295' title='bbox 644 2683 789 2724; x_wconf 79' lang='grc' dir='ltr'><em>τοῦπερ</em></span> <span class='ocrx_word' id='word_1_296' title='bbox 801 2677 1028 2724; x_wconf 71' lang='grc' dir='ltr'><em>χαριεστάτη</em></span> 
     </span>
     <span class='ocr_line' id='line_1_52' title="bbox 356 2722 1029 2815; baseline -0.006 -8"><span class='ocrx_word' id='word_1_297' title='bbox 356 2722 683 2815; x_wconf 49' lang='lat' dir='ltr'>&amp;adema</span> <span class='ocrx_word' id='word_1_298' title='bbox 706 2725 1029 2814; x_wconf 51' lang='lat'>{2011325552252</span> 
     </span>
     <span class='ocr_line' id='line_1_53' title="bbox 359 2812 1031 2862; baseline -0.007 -9"><span class='ocrx_word' id='word_1_299' title='bbox 359 2814 534 2862; x_wconf 74' lang='grc' dir='ltr'><em>Δάφνιδι</em></span> <span class='ocrx_word' id='word_1_300' title='bbox 557 2817 659 2862; x_wconf 74' lang='grc' dir='ltr'><em>καλῷ</em></span> <span class='ocrx_word' id='word_1_301' title='bbox 685 2812 767 2852; x_wconf 83' lang='grc' dir='ltr'><em>ὄντι</em></span> <span class='ocrx_word' id='word_1_302' title='bbox 793 2815 857 2849; x_wconf 81' lang='grc' dir='ltr'><em>καὶ</em></span> <span class='ocrx_word' id='word_1_303' title='bbox 876 2815 946 2860; x_wconf 82' lang='grc' dir='ltr'>νέῳ</span> <span class='ocrx_word' id='word_1_304' title='bbox 966 2814 1031 2849; x_wconf 81' lang='grc' dir='ltr'><em>καὶ</em></span> 
     </span>
     <span class='ocr_line' id='line_1_54' title="bbox 359 2859 1029 2907; baseline -0.006 -10"><span class='ocrx_word' id='word_1_305' title='bbox 359 2863 508 2907; x_wconf 85' lang='grc' dir='ltr'><em>πρῶτον</em></span> <span class='ocrx_word' id='word_1_306' title='bbox 525 2860 712 2907; x_wconf 77' lang='grc' dir='ltr'><em>ὑπηνήτῃ,</em></span> <span class='ocrx_word' id='word_1_307' title='bbox 734 2859 834 2895; x_wconf 74' lang='grc' dir='ltr'><em>ἔνθα</em></span> <span class='ocrx_word' id='word_1_308' title='bbox 852 2860 920 2895; x_wconf 85' lang='grc' dir='ltr'>τοῦ</span> <span class='ocrx_word' id='word_1_309' title='bbox 937 2873 1029 2904; x_wconf 82' lang='grc' dir='ltr'><em>χρω-</em></span> 
     </span>
    </p>
   </div>
   <div class='ocr_carea' id='block_1_9' title="bbox 1082 1098 1774 2902">
    <p class='ocr_par' dir='ltr' id='par_1_13' title="bbox 1082 1098 1771 2452">
     <span class='ocr_line' id='line_1_55' title="bbox 1082 1098 1755 1147; baseline -0.006 -9"><span class='ocrx_word' id='word_1_310' title='bbox 1082 1102 1145 1143; x_wconf 86' lang='grc' dir='ltr'>τὸς</span> <span class='ocrx_word' id='word_1_311' title='bbox 1169 1099 1190 1147; x_wconf 83' lang='grc' dir='ltr'>ἡ</span> <span class='ocrx_word' id='word_1_312' title='bbox 1221 1099 1447 1147; x_wconf 72' lang='grc' dir='ltr'><em>χαριεστάτη</em></span> <span class='ocrx_word' id='word_1_313' title='bbox 1466 1100 1569 1137; x_wconf 81' lang='grc' dir='ltr'><em>ἐστὶν</em></span> <span class='ocrx_word' id='word_1_314' title='bbox 1586 1098 1661 1146; x_wconf 77' lang='grc' dir='ltr'>ἥβη</span> <span class='ocrx_word' id='word_1_315' title='bbox 1680 1099 1755 1135; x_wconf 80' lang='grc' dir='ltr'>τῶν</span> 
     </span>
     <span class='ocr_line' id='line_1_56' title="bbox 1082 1146 1757 1198; baseline -0.006 -15"><span class='ocrx_word' id='word_1_316' title='bbox 1082 1151 1210 1198; x_wconf 67' lang='grc' dir='ltr'><em>καλῶν</em></span> <span class='ocrx_word' id='word_1_317' title='bbox 1241 1149 1465 1192; x_wconf 77' lang='grc' dir='ltr'><em>μειρακίων,</em></span> <span class='ocrx_word' id='word_1_318' title='bbox 1498 1146 1605 1181; x_wconf 86' lang='lat' dir='ltr'>Plato</span> <span class='ocrx_word' id='word_1_319' title='bbox 1631 1146 1757 1180; x_wconf 85' lang='lat' dir='ltr'>autem</span> 
     </span>
     <span class='ocr_line' id='line_1_57' title="bbox 1082 1189 1758 1238; baseline -0.003 -10"><span class='ocrx_word' id='word_1_320' title='bbox 1082 1193 1117 1228; x_wconf 85' lang='lat' dir='ltr'>h.</span> <span class='ocrx_word' id='word_1_321' title='bbox 1142 1194 1164 1228; x_wconf 93' lang='lat' dir='ltr'>l.</span> <span class='ocrx_word' id='word_1_322' title='bbox 1190 1189 1305 1238; x_wconf 80' lang='grc' dir='ltr'><em>η’βην,</em></span> <span class='ocrx_word' id='word_1_323' title='bbox 1338 1192 1395 1227; x_wconf 90' lang='lat' dir='ltr'>cui</span> <span class='ocrx_word' id='word_1_324' title='bbox 1420 1203 1493 1226; x_wconf 91' lang='lat' dir='ltr'>non</span> <span class='ocrx_word' id='word_1_325' title='bbox 1517 1193 1560 1226; x_wconf 89' lang='lat' dir='ltr'>ut</span> <span class='ocrx_word' id='word_1_326' title='bbox 1583 1190 1758 1226; x_wconf 88' lang='lat' dir='ltr'>Aelianus</span> 
     </span>
     <span class='ocr_line' id='line_1_58' title="bbox 1083 1236 1757 1282; baseline -0.004 -10"><span class='ocrx_word' id='word_1_327' title='bbox 1083 1239 1281 1272; x_wconf 83' lang='lat' dir='ltr'>articulum</span> <span class='ocrx_word' id='word_1_328' title='bbox 1305 1238 1539 1282; x_wconf 85' lang='lat' dir='ltr'>praefigeret,</span> <span class='ocrx_word' id='word_1_329' title='bbox 1564 1236 1686 1271; x_wconf 84' lang='lat' dir='ltr'>noluit</span> <span class='ocrx_word' id='word_1_330' title='bbox 1701 1236 1757 1269; x_wconf 88' lang='lat' dir='ltr'>in-</span> 
     </span>
     <span class='ocr_line' id='line_1_59' title="bbox 1082 1280 1759 1327; baseline -0.004 -10"><span class='ocrx_word' id='word_1_331' title='bbox 1082 1283 1201 1327; x_wconf 82' lang='lat' dir='ltr'>telligi</span> <span class='ocrx_word' id='word_1_332' title='bbox 1216 1283 1417 1317; x_wconf 85' lang='lat' dir='ltr'>iuvenilem</span> <span class='ocrx_word' id='word_1_333' title='bbox 1430 1282 1674 1322; x_wconf 72' lang='lat' dir='ltr'>venustatem,</span> <span class='ocrx_word' id='word_1_334' title='bbox 1693 1280 1759 1315; x_wconf 88' lang='lat' dir='ltr'>sed</span> 
     </span>
     <span class='ocr_line' id='line_1_60' title="bbox 1084 1325 1760 1363; baseline -0.006 0"><span class='ocrx_word' id='word_1_335' title='bbox 1084 1330 1227 1363; x_wconf 82' lang='lat' dir='ltr'>certum</span> <span class='ocrx_word' id='word_1_336' title='bbox 1274 1327 1367 1361; x_wconf 89' lang='lat' dir='ltr'>illud</span> <span class='ocrx_word' id='word_1_337' title='bbox 1413 1327 1585 1362; x_wconf 84' lang='lat' dir='ltr'>iuvenilis</span> <span class='ocrx_word' id='word_1_338' title='bbox 1625 1325 1760 1361; x_wconf 83' lang='lat' dir='ltr'>aetatis</span> 
     </span>
     <span class='ocr_line' id='line_1_61' title="bbox 1084 1370 1759 1417; baseline -0.004 -9"><span class='ocrx_word' id='word_1_339' title='bbox 1084 1376 1248 1417; x_wconf 81' lang='lat' dir='ltr'>tempus,</span> <span class='ocrx_word' id='word_1_340' title='bbox 1291 1382 1362 1416; x_wconf 85' lang='lat' dir='ltr'>quo</span> <span class='ocrx_word' id='word_1_341' title='bbox 1400 1372 1615 1406; x_wconf 77' lang='lat' dir='ltr'>adolescens</span> <span class='ocrx_word' id='word_1_342' title='bbox 1646 1370 1759 1405; x_wconf 89' lang='lat' dir='ltr'>Athe-</span> 
     </span>
     <span class='ocr_line' id='line_1_62' title="bbox 1085 1416 1758 1462; baseline -0.003 -10"><span class='ocrx_word' id='word_1_343' title='bbox 1085 1418 1220 1453; x_wconf 84' lang='lat' dir='ltr'>niensis</span> <span class='ocrx_word' id='word_1_344' title='bbox 1260 1418 1298 1452; x_wconf 90' lang='lat' dir='ltr'>in</span> <span class='ocrx_word' id='word_1_345' title='bbox 1338 1417 1492 1462; x_wconf 87' lang='lat' dir='ltr'>ephebis</span> <span class='ocrx_word' id='word_1_346' title='bbox 1529 1416 1758 1451; x_wconf 79' lang='lat' dir='ltr'>versabatur.</span> 
     </span>
     <span class='ocr_line' id='line_1_63' title="bbox 1086 1461 1760 1507; baseline -0.006 -9"><span class='ocrx_word' id='word_1_347' title='bbox 1086 1464 1217 1507; x_wconf 82' lang='lat' dir='ltr'>ltaque</span> <span class='ocrx_word' id='word_1_348' title='bbox 1250 1462 1420 1497; x_wconf 76' lang='lat' dir='ltr'>Socrates</span> <span class='ocrx_word' id='word_1_349' title='bbox 1456 1462 1548 1496; x_wconf 84' lang='lat' dir='ltr'>dicit</span> <span class='ocrx_word' id='word_1_350' title='bbox 1582 1461 1760 1496; x_wconf 81' lang='lat' dir='ltr'>barbatu-</span> 
     </span>
     <span class='ocr_line' id='line_1_64' title="bbox 1087 1507 1761 1552; baseline -0.006 -9"><span class='ocrx_word' id='word_1_351' title='bbox 1087 1510 1164 1543; x_wconf 90' lang='lat' dir='ltr'>lum</span> <span class='ocrx_word' id='word_1_352' title='bbox 1179 1507 1365 1552; x_wconf 84' lang='lat' dir='ltr'>ephebum</span> <span class='ocrx_word' id='word_1_353' title='bbox 1379 1507 1668 1551; x_wconf 83' lang='lat' dir='ltr'>pulcherrimum</span> <span class='ocrx_word' id='word_1_354' title='bbox 1682 1516 1761 1540; x_wconf 89' lang='lat' dir='ltr'>esse</span> 
     </span>
     <span class='ocr_line' id='line_1_65' title="bbox 1086 1550 1761 1595; baseline -0.006 -7"><span class='ocrx_word' id='word_1_355' title='bbox 1086 1554 1278 1595; x_wconf 81' lang='lat' dir='ltr'>talemque</span> <span class='ocrx_word' id='word_1_356' title='bbox 1293 1563 1372 1587; x_wconf 88' lang='lat' dir='ltr'>esse</span> <span class='ocrx_word' id='word_1_357' title='bbox 1382 1552 1623 1587; x_wconf 79' lang='lat' dir='ltr'>Alcibiadem.</span> <span class='ocrx_word' id='word_1_358' title='bbox 1639 1550 1761 1595; x_wconf 86' lang='lat' dir='ltr'>Signi-</span> 
     </span>
     <span class='ocr_line' id='line_1_66' title="bbox 1089 1592 1761 1641; baseline -0.006 -8"><span class='ocrx_word' id='word_1_359' title='bbox 1089 1598 1215 1633; x_wconf 87' lang='lat' dir='ltr'>ficavit</span> <span class='ocrx_word' id='word_1_360' title='bbox 1250 1597 1346 1632; x_wconf 89' lang='lat' dir='ltr'>enim</span> <span class='ocrx_word' id='word_1_361' title='bbox 1382 1592 1457 1641; x_wconf 78' lang='grc' dir='ltr'>ἥβη</span> <span class='ocrx_word' id='word_1_362' title='bbox 1497 1598 1701 1641; x_wconf 90' lang='lat' dir='ltr'>(nunquam</span> <span class='ocrx_word' id='word_1_363' title='bbox 1737 1593 1761 1640; x_wconf 86' lang='grc' dir='ltr'>ἡ</span> 
     </span>
     <span class='ocr_line' id='line_1_67' title="bbox 1086 1639 1762 1732; baseline -0.004 -10"><span class='ocrx_word' id='word_1_364' title='bbox 1086 1639 1177 1723; x_wconf 52' lang='lat' dir='ltr'>{Q</span> <span class='ocrx_word' id='word_1_365' title='bbox 1201 1641 1762 1732; x_wconf 49' lang='lat' dir='ltr'>ggffiffigffisagffinguggg-</span> 
     </span>
     <span class='ocr_line' id='line_1_68' title="bbox 1089 1730 1765 1775; baseline -0.004 -8"><span class='ocrx_word' id='word_1_366' title='bbox 1089 1732 1309 1767; x_wconf 86' lang='lat' dir='ltr'>devicesimo</span> <span class='ocrx_word' id='word_1_367' title='bbox 1342 1731 1389 1766; x_wconf 85' lang='lat' dir='ltr'>ad</span> <span class='ocrx_word' id='word_1_368' title='bbox 1414 1731 1628 1766; x_wconf 85' lang='lat' dir='ltr'>vicesimum</span> <span class='ocrx_word' id='word_1_369' title='bbox 1652 1730 1765 1775; x_wconf 87' lang='lat' dir='ltr'>perti-</span> 
     </span>
     <span class='ocr_line' id='line_1_69' title="bbox 1088 1775 1766 1820; baseline -0.006 -8"><span class='ocrx_word' id='word_1_370' title='bbox 1088 1779 1162 1815; x_wconf 83' lang='lat' dir='ltr'>net.</span> <span class='ocrx_word' id='word_1_371' title='bbox 1211 1777 1329 1819; x_wconf 82' lang='lat' dir='ltr'>Quem</span> <span class='ocrx_word' id='word_1_372' title='bbox 1354 1777 1418 1820; x_wconf 84' lang='lat' dir='ltr'>qui</span> <span class='ocrx_word' id='word_1_373' title='bbox 1443 1776 1571 1820; x_wconf 82' lang='lat' dir='ltr'>adepti</span> <span class='ocrx_word' id='word_1_374' title='bbox 1596 1776 1712 1818; x_wconf 88' lang='lat' dir='ltr'>erant,</span> <span class='ocrx_word' id='word_1_375' title='bbox 1737 1775 1766 1808; x_wconf 83' lang='lat' dir='ltr'>ii</span> 
     </span>
     <span class='ocr_line' id='line_1_70' title="bbox 1088 1820 1766 1865; baseline -0.004 -8"><span class='ocrx_word' id='word_1_376' title='bbox 1088 1821 1321 1858; x_wconf 83' lang='lat' dir='ltr'>lexiarchicis</span> <span class='ocrx_word' id='word_1_377' title='bbox 1357 1821 1497 1856; x_wconf 85' lang='lat' dir='ltr'>tabulis</span> <span class='ocrx_word' id='word_1_378' title='bbox 1527 1820 1697 1865; x_wconf 87' lang='lat' dir='ltr'>inscripti</span> <span class='ocrx_word' id='word_1_379' title='bbox 1727 1820 1766 1854; x_wconf 88' lang='lat' dir='ltr'>in</span> 
     </span>
     <span class='ocr_line' id='line_1_71' title="bbox 1090 1865 1764 1909; baseline -0.003 -7"><span class='ocrx_word' id='word_1_380' title='bbox 1090 1869 1254 1902; x_wconf 85' lang='lat' dir='ltr'>virorum</span> <span class='ocrx_word' id='word_1_381' title='bbox 1271 1877 1462 1901; x_wconf 87' lang='lat' dir='ltr'>numerum</span> <span class='ocrx_word' id='word_1_382' title='bbox 1477 1865 1617 1909; x_wconf 84' lang='lat' dir='ltr'>recepti</span> <span class='ocrx_word' id='word_1_383' title='bbox 1632 1865 1764 1908; x_wconf 86' lang='lat' dir='ltr'>suique</span> 
     </span>
     <span class='ocr_line' id='line_1_72' title="bbox 1089 1909 1765 1954; baseline -0.006 -7"><span class='ocrx_word' id='word_1_384' title='bbox 1089 1913 1177 1947; x_wconf 86' lang='lat' dir='ltr'>iuris</span> <span class='ocrx_word' id='word_1_385' title='bbox 1207 1912 1295 1946; x_wconf 89' lang='lat' dir='ltr'>facti</span> <span class='ocrx_word' id='word_1_386' title='bbox 1325 1912 1411 1947; x_wconf 88' lang='lat' dir='ltr'>sunt</span> <span class='ocrx_word' id='word_1_387' title='bbox 1442 1912 1480 1945; x_wconf 90' lang='lat' dir='ltr'>et</span> <span class='ocrx_word' id='word_1_388' title='bbox 1503 1910 1704 1954; x_wconf 83' lang='lat' dir='ltr'>gestabant</span> <span class='ocrx_word' id='word_1_389' title='bbox 1726 1909 1765 1943; x_wconf 88' lang='lat' dir='ltr'>in</span> 
     </span>
     <span class='ocr_line' id='line_1_73' title="bbox 1089 1955 1763 2002; baseline -0.004 -11"><span class='ocrx_word' id='word_1_390' title='bbox 1089 1957 1257 2002; x_wconf 87' lang='lat' dir='ltr'>publico,</span> <span class='ocrx_word' id='word_1_391' title='bbox 1283 1956 1460 2000; x_wconf 87' lang='lat' dir='ltr'>quamdiu</span> <span class='ocrx_word' id='word_1_392' title='bbox 1486 1955 1621 2000; x_wconf 86' lang='lat' dir='ltr'>ephebi</span> <span class='ocrx_word' id='word_1_393' title='bbox 1646 1957 1763 1997; x_wconf 84' lang='lat' dir='ltr'>erant,</span> 
     </span>
     <span class='ocr_line' id='line_1_74' title="bbox 1091 1999 1766 2045; baseline -0.004 -9"><span class='ocrx_word' id='word_1_394' title='bbox 1091 2002 1325 2045; x_wconf 83' lang='lat' dir='ltr'>chlamydem</span> <span class='ocrx_word' id='word_1_395' title='bbox 1351 2004 1389 2036; x_wconf 88' lang='lat' dir='ltr'>et</span> <span class='ocrx_word' id='word_1_396' title='bbox 1404 2001 1555 2044; x_wconf 81' lang='lat' dir='ltr'>pileum,</span> <span class='ocrx_word' id='word_1_397' title='bbox 1582 2001 1624 2034; x_wconf 90' lang='lat' dir='ltr'>ut</span> <span class='ocrx_word' id='word_1_398' title='bbox 1636 1999 1766 2034; x_wconf 85' lang='lat' dir='ltr'>Pollux</span> 
     </span>
     <span class='ocr_line' id='line_1_75' title="bbox 1092 2042 1766 2089; baseline -0.006 -7"><span class='ocrx_word' id='word_1_399' title='bbox 1092 2048 1148 2089; x_wconf 86' lang='lat' dir='ltr'>(X.</span> <span class='ocrx_word' id='word_1_400' title='bbox 1180 2049 1257 2089; x_wconf 81' lang='lat'>164)</span> <span class='ocrx_word' id='word_1_401' title='bbox 1289 2046 1460 2081; x_wconf 83' lang='lat' dir='ltr'>tradidit:</span> <span class='ocrx_word' id='word_1_402' title='bbox 1498 2044 1539 2080; x_wconf 82' lang='grc' dir='ltr'>τὸ</span> <span class='ocrx_word' id='word_1_403' title='bbox 1570 2047 1644 2079; x_wconf 82' lang='grc' dir='ltr'>τῶν</span> <span class='ocrx_word' id='word_1_404' title='bbox 1673 2042 1766 2089; x_wconf 77' lang='grc' dir='ltr'><em>ἔφη’-</em></span> 
     </span>
     <span class='ocr_line' id='line_1_76' title="bbox 1092 2089 1766 2138; baseline -0.006 -11"><span class='ocrx_word' id='word_1_405' title='bbox 1092 2094 1168 2138; x_wconf 83' lang='grc' dir='ltr'>βων</span> <span class='ocrx_word' id='word_1_406' title='bbox 1207 2091 1361 2136; x_wconf 80' lang='grc' dir='ltr'><em>φόρημα</em></span> <span class='ocrx_word' id='word_1_407' title='bbox 1392 2089 1555 2130; x_wconf 85' lang='grc' dir='ltr'><em>πέτασος</em></span> <span class='ocrx_word' id='word_1_408' title='bbox 1584 2090 1648 2124; x_wconf 75' lang='grc' dir='ltr'><em>καὶ</em></span> <span class='ocrx_word' id='word_1_409' title='bbox 1675 2093 1766 2134; x_wconf 76' lang='grc' dir='ltr'><em>χλα-</em></span> 
     </span>
     <span class='ocr_line' id='line_1_77' title="bbox 1092 2134 1767 2182; baseline -0.006 -10"><span class='ocrx_word' id='word_1_410' title='bbox 1092 2134 1176 2182; x_wconf 75' lang='grc' dir='ltr'><em>μύς,</em></span> <span class='ocrx_word' id='word_1_411' title='bbox 1204 2137 1248 2172; x_wconf 87' lang='lat' dir='ltr'>cf.</span> <span class='ocrx_word' id='word_1_412' title='bbox 1266 2137 1404 2182; x_wconf 87' lang='lat' dir='ltr'>Appul.</span> <span class='ocrx_word' id='word_1_413' title='bbox 1427 2136 1515 2173; x_wconf 80' lang='lat' dir='ltr'>Met,</span> <span class='ocrx_word' id='word_1_414' title='bbox 1533 2135 1579 2170; x_wconf 83' lang='lat' dir='ltr'>X.</span> <span class='ocrx_word' id='word_1_415' title='bbox 1600 2139 1654 2169; x_wconf 89' lang='lat'>30.</span> <span class='ocrx_word' id='word_1_416' title='bbox 1693 2135 1767 2169; x_wconf 89' lang='lat' dir='ltr'>Ita-</span> 
     </span>
     <span class='ocr_line' id='line_1_78' title="bbox 1095 2180 1767 2226; baseline -0.004 -10"><span class='ocrx_word' id='word_1_417' title='bbox 1095 2194 1166 2226; x_wconf 88' lang='lat' dir='ltr'>que</span> <span class='ocrx_word' id='word_1_418' title='bbox 1199 2183 1317 2216; x_wconf 89' lang='lat' dir='ltr'>virum</span> <span class='ocrx_word' id='word_1_419' title='bbox 1351 2192 1429 2217; x_wconf 89' lang='lat' dir='ltr'>esse</span> <span class='ocrx_word' id='word_1_420' title='bbox 1459 2180 1692 2215; x_wconf 89' lang='lat' dir='ltr'>Alcibiadem</span> <span class='ocrx_word' id='word_1_421' title='bbox 1722 2190 1767 2214; x_wconf 83' lang='lat' dir='ltr'>ex</span> 
     </span>
     <span class='ocr_line' id='line_1_79' title="bbox 1095 2224 1768 2262; baseline -0.007 0"><span class='ocrx_word' id='word_1_422' title='bbox 1095 2228 1173 2262; x_wconf 88' lang='lat' dir='ltr'>eius</span> <span class='ocrx_word' id='word_1_423' title='bbox 1209 2227 1347 2262; x_wconf 89' lang='lat' dir='ltr'>vestitu</span> <span class='ocrx_word' id='word_1_424' title='bbox 1383 2225 1577 2261; x_wconf 82' lang='lat' dir='ltr'>familiaris</span> <span class='ocrx_word' id='word_1_425' title='bbox 1608 2224 1768 2259; x_wconf 84' lang='lat' dir='ltr'>Socratis</span> 
     </span>
     <span class='ocr_line' id='line_1_80' title="bbox 1096 2270 1769 2317; baseline -0.007 -9"><span class='ocrx_word' id='word_1_426' title='bbox 1096 2275 1330 2317; x_wconf 81' lang='lat' dir='ltr'>cognoverat,</span> <span class='ocrx_word' id='word_1_427' title='bbox 1347 2272 1411 2307; x_wconf 89' lang='lat' dir='ltr'>sed</span> <span class='ocrx_word' id='word_1_428' title='bbox 1426 2270 1583 2306; x_wconf 85' lang='lat' dir='ltr'>eundem</span> <span class='ocrx_word' id='word_1_429' title='bbox 1597 2270 1769 2314; x_wconf 86' lang='lat' dir='ltr'>respectu</span> 
     </span>
     <span class='ocr_line' id='line_1_81' title="bbox 1096 2314 1769 2357; baseline -0.007 -5"><span class='ocrx_word' id='word_1_430' title='bbox 1096 2318 1230 2353; x_wconf 85' lang='lat' dir='ltr'>aetatis</span> <span class='ocrx_word' id='word_1_431' title='bbox 1254 2318 1413 2352; x_wconf 80' lang='grc' dir='ltr'><em>νεανίαν</em></span> <span class='ocrx_word' id='word_1_432' title='bbox 1439 2315 1517 2357; x_wconf 87' lang='lat' dir='ltr'>vel,</span> <span class='ocrx_word' id='word_1_433' title='bbox 1542 2315 1572 2348; x_wconf 84' lang='lat' dir='ltr'>si</span> <span class='ocrx_word' id='word_1_434' title='bbox 1596 2314 1769 2349; x_wconf 88' lang='lat' dir='ltr'>blandius</span> 
     </span>
     <span class='ocr_line' id='line_1_82' title="bbox 1096 2359 1771 2407; baseline -0.006 -10"><span class='ocrx_word' id='word_1_435' title='bbox 1096 2363 1225 2404; x_wconf 85' lang='lat' dir='ltr'>voluit,</span> <span class='ocrx_word' id='word_1_436' title='bbox 1252 2359 1452 2407; x_wconf 76' lang='grc' dir='ltr'><em>μειράκιον</em></span> <span class='ocrx_word' id='word_1_437' title='bbox 1473 2359 1663 2404; x_wconf 87' lang='lat' dir='ltr'>appellare</span> <span class='ocrx_word' id='word_1_438' title='bbox 1687 2359 1771 2404; x_wconf 86' lang='lat' dir='ltr'>pot-</span> 
     </span>
     <span class='ocr_line' id='line_1_83' title="bbox 1097 2407 1617 2452; baseline -0.006 -10"><span class='ocrx_word' id='word_1_439' title='bbox 1097 2408 1171 2448; x_wconf 88' lang='lat' dir='ltr'>uit;</span> <span class='ocrx_word' id='word_1_440' title='bbox 1199 2408 1246 2444; x_wconf 83' lang='lat' dir='ltr'>cf.</span> <span class='ocrx_word' id='word_1_441' title='bbox 1268 2407 1473 2452; x_wconf 81' lang='lat' dir='ltr'>prolegom.</span> <span class='ocrx_word' id='word_1_442' title='bbox 1499 2417 1536 2449; x_wconf 76' lang='lat' dir='ltr'>p,</span> <span class='ocrx_word' id='word_1_443' title='bbox 1563 2409 1617 2439; x_wconf 88' lang='lat'>30.</span> 
     </span>
    </p>

    <p class='ocr_par' dir='ltr' id='par_1_14' title="bbox 1096 2448 1772 2543">
     <span class='ocr_line' id='line_1_84' title="bbox 1143 2448 1772 2495; baseline -0.008 -8"><span class='ocrx_word' id='word_1_444' title='bbox 1143 2450 1239 2488; x_wconf 76' lang='grc' dir='ltr'><em>’7.ὑπ</em></span> <span class='ocrx_word' id='word_1_445' title='bbox 1253 2451 1296 2495; x_wconf 72' lang='grc' dir='ltr'>ὲρ</span> <span class='ocrx_word' id='word_1_446' title='bbox 1311 2449 1418 2495; x_wconf 81' lang='grc' dir='ltr'><em>ἐμοῦ</em></span> <span class='ocrx_word' id='word_1_447' title='bbox 1435 2448 1772 2494; x_wconf 70' lang='grc' dir='ltr'>εἷπε]οοῐ11’.1ῐ11“1·3,</span> 
     </span>
     <span class='ocr_line' id='line_1_85' title="bbox 1096 2496 1471 2543; baseline -0.011 -10"><span class='ocrx_word' id='word_1_448' title='bbox 1096 2510 1133 2543; x_wconf 87' lang='lat' dir='ltr'>p.</span> <span class='ocrx_word' id='word_1_449' title='bbox 1154 2502 1218 2533; x_wconf 78' lang='lat'>336</span> <span class='ocrx_word' id='word_1_450' title='bbox 1235 2497 1264 2530; x_wconf 85' lang='lat' dir='ltr'>B</span> <span class='ocrx_word' id='word_1_451' title='bbox 1281 2497 1327 2540; x_wconf 49' lang='lat' dir='ltr'>„et</span> <span class='ocrx_word' id='word_1_452' title='bbox 1350 2500 1414 2531; x_wconf 85' lang='lat'>347</span> <span class='ocrx_word' id='word_1_453' title='bbox 1431 2496 1471 2529; x_wconf 85' lang='grc' dir='ltr'>Β.</span> 
     </span>
    </p>

    <p class='ocr_par' dir='ltr' id='par_1_15' title="bbox 1098 2537 1774 2902">
     <span class='ocr_line' id='line_1_86' title="bbox 1143 2537 1770 2583; baseline -0.008 -6"><span class='ocrx_word' id='word_1_454' title='bbox 1143 2542 1220 2577; x_wconf 76' lang='grc' dir='ltr'><em>καὶ</em></span> <span class='ocrx_word' id='word_1_455' title='bbox 1245 2540 1325 2576; x_wconf 80' lang='grc' dir='ltr'>οὐν</span> <span class='ocrx_word' id='word_1_456' title='bbox 1350 2540 1430 2575; x_wconf 81' lang='grc' dir='ltr'><em>καὶ</em></span> <span class='ocrx_word' id='word_1_457' title='bbox 1456 2537 1561 2583; x_wconf 78' lang='grc' dir='ltr'><em>ἄρτι</em></span> <span class='ocrx_word' id='word_1_458' title='bbox 1588 2541 1641 2581; x_wconf 88' lang='grc'>-]</span> <span class='ocrx_word' id='word_1_459' title='bbox 1667 2538 1770 2572; x_wconf 73' lang='lat' dir='ltr'>Post-</span> 
     </span>
     <span class='ocr_line' id='line_1_87' title="bbox 1099 2583 1771 2631; baseline -0.009 -9"><span class='ocrx_word' id='word_1_460' title='bbox 1099 2599 1210 2631; x_wconf 88' lang='lat' dir='ltr'>quam</span> <span class='ocrx_word' id='word_1_461' title='bbox 1229 2585 1412 2625; x_wconf 86' lang='lat' dir='ltr'>Socrates,</span> <span class='ocrx_word' id='word_1_462' title='bbox 1437 2585 1526 2629; x_wconf 88' lang='lat' dir='ltr'>quid</span> <span class='ocrx_word' id='word_1_463' title='bbox 1547 2585 1592 2619; x_wconf 91' lang='lat' dir='ltr'>de</span> <span class='ocrx_word' id='word_1_464' title='bbox 1610 2583 1771 2618; x_wconf 86' lang='lat' dir='ltr'>Alcibia-</span> 
     </span>
     <span class='ocr_line' id='line_1_88' title="bbox 1100 2628 1773 2676; baseline -0.004 -10"><span class='ocrx_word' id='word_1_465' title='bbox 1100 2632 1155 2667; x_wconf 90' lang='lat' dir='ltr'>dis</span> <span class='ocrx_word' id='word_1_466' title='bbox 1187 2642 1276 2676; x_wconf 78' lang='lat' dir='ltr'>erga</span> <span class='ocrx_word' id='word_1_467' title='bbox 1308 2642 1344 2665; x_wconf 92' lang='lat' dir='ltr'>se</span> <span class='ocrx_word' id='word_1_468' title='bbox 1369 2630 1564 2666; x_wconf 79' lang='lat' dir='ltr'>voluntate</span> <span class='ocrx_word' id='word_1_469' title='bbox 1588 2628 1773 2663; x_wconf 87' lang='lat' dir='ltr'>iudicaret</span> 
     </span>
     <span class='ocr_line' id='line_1_89' title="bbox 1099 2673 1770 2720; baseline -0.007 -9"><span class='ocrx_word' id='word_1_470' title='bbox 1099 2697 1136 2703; x_wconf 92' lang='lat'>—-</span> <span class='ocrx_word' id='word_1_471' title='bbox 1160 2688 1254 2720; x_wconf 89' lang='lat' dir='ltr'>quae</span> <span class='ocrx_word' id='word_1_472' title='bbox 1278 2675 1463 2720; x_wconf 85' lang='lat' dir='ltr'>posterior</span> <span class='ocrx_word' id='word_1_473' title='bbox 1487 2676 1566 2709; x_wconf 88' lang='lat' dir='ltr'>erat</span> <span class='ocrx_word' id='word_1_474' title='bbox 1590 2673 1700 2708; x_wconf 87' lang='lat' dir='ltr'>amici</span> <span class='ocrx_word' id='word_1_475' title='bbox 1716 2673 1770 2707; x_wconf 91' lang='lat' dir='ltr'>in-</span> 
     </span>
     <span class='ocr_line' id='line_1_90' title="bbox 1100 2718 1773 2766; baseline -0.009 -9"><span class='ocrx_word' id='word_1_476' title='bbox 1100 2721 1304 2766; x_wconf 82' lang='lat' dir='ltr'>terrogatio</span> <span class='ocrx_word' id='word_1_477' title='bbox 1329 2741 1373 2746; x_wconf 93' lang='lat'>—</span> <span class='ocrx_word' id='word_1_478' title='bbox 1398 2719 1584 2765; x_wconf 85' lang='lat' dir='ltr'>exposuit,</span> <span class='ocrx_word' id='word_1_479' title='bbox 1611 2718 1667 2752; x_wconf 84' lang='lat' dir='ltr'>his</span> <span class='ocrx_word' id='word_1_480' title='bbox 1692 2728 1773 2752; x_wconf 91' lang='lat' dir='ltr'>ver-</span> 
     </span>
     <span class='ocr_line' id='line_1_91' title="bbox 1099 2758 1772 2811; baseline -0.006 -10"><span class='ocrx_word' id='word_1_481' title='bbox 1099 2767 1156 2801; x_wconf 86' lang='lat' dir='ltr'>bis</span> <span class='ocrx_word' id='word_1_482' title='bbox 1180 2766 1381 2811; x_wconf 86' lang='lat' dir='ltr'>respondet</span> <span class='ocrx_word' id='word_1_483' title='bbox 1405 2766 1452 2799; x_wconf 88' lang='lat' dir='ltr'>ad</span> <span class='ocrx_word' id='word_1_484' title='bbox 1469 2758 1492 2809; x_wconf 84' lang='grc' dir='ltr'><em>ἧ</em></span> <span class='ocrx_word' id='word_1_485' title='bbox 1509 2760 1603 2807; x_wconf 84' lang='grc' dir='ltr'><em>παρ’</em></span> <span class='ocrx_word' id='word_1_486' title='bbox 1622 2760 1772 2798; x_wconf 78' lang='grc' dir='ltr'><em>ἐκείνου</em></span> 
     </span>
     <span class='ocr_line' id='line_1_92' title="bbox 1102 2808 1772 2856; baseline -0.009 -9"><span class='ocrx_word' id='word_1_487' title='bbox 1102 2813 1253 2856; x_wconf 74' lang='grc' dir='ltr'><em>φαίνεις</em></span> <span class='ocrx_word' id='word_1_488' title='bbox 1282 2812 1327 2846; x_wconf 91' lang='lat' dir='ltr'>et</span> <span class='ocrx_word' id='word_1_489' title='bbox 1353 2821 1459 2845; x_wconf 84' lang='lat' dir='ltr'>sane</span> <span class='ocrx_word' id='word_1_490' title='bbox 1486 2808 1640 2843; x_wconf 90' lang='lat' dir='ltr'>abillo</span> <span class='ocrx_word' id='word_1_491' title='bbox 1656 2818 1772 2842; x_wconf 87' lang='lat' dir='ltr'>nunc</span> 
     </span>
     <span class='ocr_line' id='line_1_93' title="bbox 1098 2853 1774 2902; baseline -0.006 -11"><span class='ocrx_word' id='word_1_492' title='bbox 1098 2857 1244 2902; x_wconf 83' lang='lat' dir='ltr'>ipsum</span> <span class='ocrx_word' id='word_1_493' title='bbox 1285 2855 1424 2890; x_wconf 90' lang='lat' dir='ltr'>venio.</span> <span class='ocrx_word' id='word_1_494' title='bbox 1480 2854 1650 2889; x_wconf 87' lang='lat' dir='ltr'>Ceterum</span> <span class='ocrx_word' id='word_1_495' title='bbox 1689 2853 1774 2887; x_wconf 87' lang='lat' dir='ltr'>hinc</span> 
     </span>
    </p>
   </div>
  </div>
 </body>
</html>
