1939 3214
847 590 1249 639 PRAEFATIO

728 679 1026 714 nomionis
1064 680 1372 716 sEoUNDAE.

458 861 578 902 Haec
607 875 701 902 mea
729 860 987 916 Protagorae
1019 861 1147 903 editio
1178 877 1203 903 a
1235 862 1375 916 priore
1397 863 1576 905 maxime
1597 864 1643 905 in
1666 879 1763 919 pro-

345 918 579 973 leoomenis
599 917 750 981 differt,
767 932 873 972 quae
890 919 949 959 ita
966 920 1195 960 1Ηο13100110130
1212 921 1323 973 sunt,
1346 921 1394 960 ut
1409 933 1539 974 prope
1553 934 1662 962 nova
1679 921 1762 963 dici

344 976 520 1038 possint.
538 974 686 1028 Neque
697 974 742 1016 in
752 974 983 1017 lectionum
995 976 1199 1017 varietate
1212 990 1334 1017 excel
1335 976 1474 1030 penda
1486 978 1527 1018 et
1536 977 1764 1020 iudicanda

345 1046 369 1072 a
390 1031 529 1086 priore
550 1033 714 1072 ratione
736 1046 824 1072 non
846 1032 928 1072 fuit
948 1032 1241 1073 recedendum.
1282 1032 1393 1073 Nam
1416 1047 1465 1073 ex
1487 1047 1568 1087 quo
1598 1036 1766 1076 constat

348 1102 492 1129 omnes
526 1088 705 1140 codices,
737 1088 808 1141 qui
839 1089 1008 1130 eosdem
1039 1089 1229 1143 dialogos
1261 1089 1486 1130 continent
1506 1092 1632 1143 atque
1654 1089 1764 1132 Bod-

346 1145 509 1187 leianus
549 1147 591 1186 et
628 1143 838 1198 Venetus,
888 1159 938 1186 ex
979 1145 1132 1186 horum
1169 1144 1373 1186 alterutro
1412 1145 1621 1187 derivatos
1662 1161 1764 1198 esse,

346 1201 483 1242 varias
515 1202 717 1244 lectiones
749 1215 895 1242 eorum
917 1202 987 1256 qui
1014 1202 1172 1243 nullius
1202 1204 1301 1242 sunt
1321 1202 1588 1243 auctoritatis
1609 1202 1765 1245 referre

345 1257 455 1299 nihil
487 1260 652 1300 attinet.
701 1257 851 1312 Neque
872 1257 1098 1299 Bodleiani
1120 1257 1357 1312 Venetique
1379 1258 1582 1300 lectiones
1605 1273 1764 1312 omnes,

347 1330 371 1356 a
402 1316 555 1369 quibus
578 1314 769 1356 Platonis
802 1315 939 1356 01atio
971 1315 1015 1356 in
1046 1314 1128 1356 hac
1151 1314 1332 1356 editione
1355 1315 1578 1370 discr‚epat
1608 1330 1766 1379 memo-

345 1372 458 1425 ravi,
500 1372 573 1414 sed
613 1385 719 1434 quae
758 1371 985 1412 manifesto
1016 1372 1284 1412 librariorum
1316 1385 1455 1412 errore
1486 1373 1580 1412 orta
1610 1375 1652 1413 et
1680 1372 1766 1414 iam

346 1427 511 1482 pridem
543 1443 732 1470 omnlum
765 1442 974 1469 consensu
1005 1430 1193 1469 correcta
1223 1431 1323 1469 sunt
1352 1428 1587 1470 omittenda
1607 1430 1765 1471 censui.

347 1485 462 1534 Quae
494 1486 566 1539 qui
598 1484 825 1537 desiderat,
857 1499 970 1526 nunc
1001 1485 1046 1525 in
1078 1484 1276 1526 Schanzii
1307 1486 1513 1539 apparatu
1535 1485 1716 1527 critico
1704 1501 1766 1527 111-

346 1542 476 1593 venit,
510 1545 581 1597 qui
612 1542 829 1595 utriusque
863 1542 1017 1582 codicis
1039 1542 1269 1595 scripturas
1291 1545 1451 1595 quanta
1470 1542 1654 1583 maxima
1675 1543 1767 1584 fieri

345 1599 486 1652 potuit
534 1613 633 1640 cura
678 1612 725 1639 ac
772 1598 994 1653 diligentia
1034 1598 1207 1652 collegit
1245 1600 1286 1638 et
1316 1599 1360 1638 in
1398 1599 1534 1639 lucem
1573 1599 1765 1652 protulit.

347 1656 485 1709 Atque
524 1656 615 1710 ipse
655 1654 844 1696 codicum
884 1655 1107 1696 lectionem
1140 1654 1303 1708 aliquot
1335 1654 1436 1695 10015
1466 1655 1651 1708 mutavi,
1691 1656 1764 1697 ubi

345 1726 392 1752 ea
432 1726 538 1766 quae
569 1711 834 1752 tradiderunt
864 1726 1014 1765 parum
1044 1712 1156 1752 inter
1187 1725 1230 1751 se
1262 1712 1360 1764 apta
1392 1713 1434 1752 et
1464 1712 1765 1753 convenientia

344 1771 456 1810 sunt.
519 1768 679 1818 Quibus
717 1768 821 1809 locis
858 1768 903 1809 hi
942 1767 1251 1809 annumerandi
1283 1769 1402 1808 sunt:
1445 1782 1484 1821 p.
1517 1767 1681 1819 32713,
1718 1771 1768 1810 ut

345 1825 480 1867 oratio
520 1828 633 1867 recte
670 1825 892 1878 procedat⁷
923 1822 1024 1867 ἐσθ’
1066 1839 1142 1878 pro
1175 1820 1261 1865 εἶθ’
1295 1838 1368 1865 5011
1399 1821 1488 1865 εἶθ’
1519 1824 1688 1878 scripsi,
1727 1840 1766 1880 p.

346 1881 428 1923 345
450 1881 483 1924 O
524 1886 566 1923 et
604 1882 685 1923 346
706 1881 745 1922 D
785 1882 1022 1923 sententiae
1061 1884 1102 1921 et
1139 1883 1274 1922 metro
1306 1882 1348 1922 et
1377 1880 1645 1949 inscriptioni
1677 1894 1766 1922 car-

345 1938 472 1979 minis
512 1938 746 1980 Simonidei
785 1937 971 1979 satisfeci
1010 1937 1213 1978 mutando
1253 1934 1401 1978 «ἔπειθ’
1440 1934 1548 1990 ὑμῖν
1585 1937 1630 1977 111
1671 1936 1768 1978 ἐπεὶ

349 1992 494 2036 οὔτιν’
501 2028 510 2045 ,
542 2010 583 2048 p.
615 1995 694 2036 311
719 1995 757 2034 A
788 1998 882 2048 post
914 1993 1057 2035 ἐκεῖσε
1088 1994 1222 2034 abieci
1252 2007 1340 2035 voc.
1374 1996 1525 2046 ἴωμεν,
1557 2008 1597 2047 p.
1622 1994 1705 2036 319
1727 1994 1766 2035 D

349 2053 439 2092 τῶν
470 2052 712 2105 transposui
751 2054 792 2092 et
821 2066 859 2104 p.
890 2051 973 2092 325
996 2050 1029 2090 B
1062 2051 1260 2092 adverbio
1292 2051 1554 2104 θαυμασίως
1583 2051 1765 2104 praetuli

346 2107 590 2161 θαυμάσιοι
635 2122 762 2162 quum
810 2107 862 2148 115
906 2107 956 2148 (10
989 2108 1148 2160 0011515,
1198 2121 1300 2161 quas
1345 2107 1391 2147 in
1422 2105 1580 2148 Studiis
1616 2107 1765 2161 philol.

348 2163 519 2217 (Jahimb
550 2164 581 2205 f.
615 2164 663 2205 01
695 2163 803 2207 Phil
845 2163 952 2205 1863
990 2179 1030 2217 p.
1065 2163 1209 2205 849-
1222 2163 1320 2215 851)
1354 2163 1497 2216 attuli,
1535 2165 1625 2204 tum
1655 2164 1767 2218 quod

346 2221 469 2262 Plato
516 2220 594 2262 1100
643 2220 685 2261 111
734 2220 902 2275 dialogo
940 2235 980 2274 p.
1013 2220 1095 2262 355
1120 2220 1154 2261 B
1194 2221 1239 2261 in
1278 2219 1494 2261 simillima
1531 2221 1766 2261 sententiae

347 2277 684 2319 conformatione
724 2277 868 2318 eadem
905 2291 1004 2317 usus
1043 2278 1106 2318 est
1138 2276 1465 2318 constructione.
1525 2274 1582 2317 Et
1611 2278 1658 2317 ut
1686 2276 1766 2318 hae

347 2348 468 2376 verae
512 2334 710 2375 videntur
754 2347 843 2374 0550
890 2333 1224 2384 emendationes,
1272 2334 1332 2374 ita
1369 2347 1419 2374 ex
1455 2332 1525 2381 iis,
1570 2346 1676 2386 quae
1718 2334 1765 2374 in

346 2392 484 2445 priore
524 2391 704 2431 editione
740 2390 893 2431 novavi
941 2393 981 2430 et
1018 2391 1060 2431 in
1101 2390 1179 2431 hac
1207 2389 1394 2442 retinui,
1443 2388 1597 2429 futuris
1636 2389 1764 2430 etiam

347 2447 575 2488 editoribus
613 2461 742 2500 quum
779 2446 864 2486 alia
904 2446 1129 2499 probatum
1159 2446 1211 2487 iri
1242 2445 1387 2494 credo,
1426 2447 1516 2486 tum
1553 2448 1766 2498 permuta-

347 2504 505 2545 tionem
544 2503 730 2557 paitium
761 2502 947 2544 Socratis
985 2505 1027 2543 et
1057 2502 1332 2569 Hippocratis
1370 2516 1410 2554 p.
1442 2501 1524 2542 313
1548 2502 1580 2543 O
1619 2504 1660 2543 et
1700 2515 1766 2543 ex-

349 2560 606 2614 emptionem
630 2560 849 2601 verborum
870 2556 992 2600 τοῦτ’
1015 2559 1072 2612 ἦν
1092 2558 1141 2600 τὸ
1161 2557 1392 2612 μειράκιον
1412 2572 1454 2611 p.
1477 2557 1560 2598 315
1581 2557 1631 2611 Ε,
1652 2559 1765 2599 certe

348 2618 526 2670 utroque
544 2617 637 2657 loco
660 2630 765 2670 quae
789 2615 958 2656 codices
971 2614 1144 2670 habent,
1168 2630 1217 2656 ea
1234 2613 1421 2656 Socratis
1438 2590 1766 2668 argumentandi

349 2675 391 2714 et
401 2673 604 2714 narrandi
617 2672 773 2713 rationi
774 2686 955 2740 prorsus
972 2674 1226 2727 repugnant.
1249 2671 1396 2724 Neque
1406 2684 1504 2711 vero
1522 2670 1626 2733 haec
1636 2670 1766 2711 verba

349 2727 468 2770 τοῦτ’
492 2728 545 2782 ἠν
575 2728 623 2770 τὸ
654 2728 885 2782 μειράκιον
916 2728 975 2769 ita
1006 2728 1173 2770 defendi
1203 2729 1392 2791 possunt,
1423 2728 1470 2767 ut
1494 2727 1540 2767 in
1560 2726 1611 2767 iis
1630 2723 1766 2768 ἔνδον

349 2785 612 2827 intercidisse
644 2787 867 2839 statuatur,
898 2784 982 2825 imo
1015 2799 1064 2826 00
1094 2786 1186 2839 ipsa
1215 2784 1259 2824 in
1290 2782 1480 2824 Platonis
1511 2783 1762 2837 orationem,

350 2856 473 2896 quam
517 2841 742 2896 dedecent,
791 2842 1063 2895 irrepserunt.
1125 2841 1181 2882 Iis
1227 2839 1341 2881 enim
1386 2839 1538 2893 aliquis
1574 2839 1618 2881 id
1656 2840 1763 2894 quod
