1939 3214
345 136 425 178 144
928 132 1166 168 PLATONIS

341 239 432 278 τῶν
463 237 666 278 παλαιῶν
696 237 774 287 τῆς
804 235 1090 288 φιλοσοφίας,
1121 234 1397 287 βραχυλογία
1417 247 1482 282 τις
1503 228 1758 286 Λακωνική.

342 303 416 345 καὶ
462 301 515 358 δὴ
564 301 636 343 καὶ
681 304 762 343 τοῦ
800 301 1030 342 Πιττακοῦ
1074 300 1167 356 ἰδία
1204 298 1492 354 περιεφέρετο
1537 302 1668 340 τοῦτο
1709 296 1759 340 τὸ

343 370 458 425 ῥῆμα
505 367 889 423 ἐγκωμιαζόμενον
933 364 1023 409 ὑπὸ
1067 368 1158 408 τῶν
1203 368 1375 421 σοφῶν,
1421 366 1479 408 τὸ
1524 364 1760 420 χαλεπὸν

298 450 324 486 C
345 434 550 479 ἐσθλὸν
581 437 823 491 ἔμμεναι.
871 432 894 476 ὁ
917 428 1002 476 οὖν
1024 433 1294 488 Σιμωνίδης,
1327 431 1403 474 ἅτε
1435 433 1667 487 φιλότιμος
1697 429 1760 474 ὢν

343 503 417 546 ἐπὶ
455 504 614 558 σοφία,
653 504 767 556 ἔγνω
806 500 890 555 ὅτι,
931 502 971 543 εἰ
1007 500 1190 542 καθέλοι
1221 503 1351 542 τοῦτο
1382 497 1432 541 τὸ
1464 499 1580 580 ρῆμα
1610 497 1760 552 ὥσπερ
1786 510 1801 536 5

343 571 671 624 εὐδοκιμοῦντα
721 567 926 623 αθλητὴν
974 566 1047 609 καὶ
1094 567 1370 621 περιγένοιτο
1420 565 1576 619 αὐτοῦ,
1628 563 1762 614 αὐτὸς

343 635 628 691 εὐδοκιμήσει
660 634 710 677 ἐν
740 642 832 684 τοῖς
869 635 969 677 τότε
1008 634 1281 689 ἀνθρώποις.
1344 634 1404 682 εἰς
1435 636 1566 674 τοῦτο
1597 626 1683 674 οὖν
1713 646 1762 673 το

343 704 461 758 ῥῆμα
501 704 574 745 καὶ
619 704 785 745 τούτου
831 702 963 744 ἕνεκα
1007 701 1150 758 τούτῳ
1195 699 1506 755 ἐπιβουλεύων
1546 701 1764 740 κολοῦσαι

344 769 453 813 αὐτὸ
484 770 603 813 ἅπαν
634 771 684 813 τὸ
717 764 836 826 ᾆσμα
868 771 1126 824 πεποίηκεν,
1161 767 1218 817 ὥς
1247 783 1321 823 μοι
1351 769 1573 822 φαίνεται.

366 900 390 924 ὑ
456 898 487 928 6.

344 982 393 1019 ἐν
418 984 464 1017 B:
493 981 785 1027 εὐδοκιμήσειεν
809 982 849 1017 'tl

392 1087 420 1117 1.
458 1083 544 1117 τῶν
580 1082 791 1117 παλαιων
829 1084 908 1127 τῆς
947 1095 1018 1126 φι-

344 1129 586 1173 λοσοφίας]
629 1127 811 1162 Observes
853 1127 1021 1162 ordinem

343 1173 552 1209 verborum.
577 1172 743 1217 Opponit
760 1172 857 1207 enim
877 1171 1020 1216 εἰρωνι·

345 1219 417 1258 κῶς
435 1221 640 1253 veterum
665 1217 897 1261 sapientiam,
925 1227 1020 1259 quae

345 1274 429 1298 cum
453 1262 752 1306 breviloquentia
776 1263 856 1296 erat
873 1262 1022 1297 coniun-

346 1309 424 1349 cta,
473 1307 725 1352 sophistarum
763 1307 918 1349 rationi,
958 1306 1021 1349 qui

345 1352 516 1387 solebant
537 1353 778 1405 δημηγορεῖν
796 1352 861 1387 καὶ
879 1364 1020 1401 μακρο-

347 1401 494 1448 λογεῖν,
533 1397 693 1440 ideoque
731 1398 805 1431 τῶν
845 1395 1021 1431 παλαιῶν

345 1442 478 1492 primo
505 1442 586 1476 loco
627 1442 832 1476 collocavit.
889 1441 1021 1484 Neque

346 1487 444 1522 enim
469 1486 506 1520 in
531 1486 669 1521 talibus
686 1486 841 1530 perinde
860 1487 927 1528 est,
950 1486 1021 1519 hoc

349 1542 395 1566 an
421 1531 495 1565 alio
521 1531 631 1566 modo
650 1532 763 1566 verba
782 1531 1020 1566 collocentur.

346 1576 402 1611 De
428 1587 501 1619 qua
525 1587 564 1611 re
589 1576 660 1611 hac
684 1576 876 1611 occasione
896 1575 1023 1610 oblata

345 1621 474 1666 paucis
510 1621 695 1666 explicare
730 1621 845 1655 iuvat.
893 1620 1022 1663 Itaque

347 1666 581 1715 quadruplex
628 1676 706 1716 esse
753 1666 878 1710 potest
916 1664 1023 1698 istius

346 1721 493 1755 genens
539 1710 731 1744 nominum
776 1709 1024 1744 substantivo-

346 1766 427 1790 rum
446 1755 668 1798 coniunctio,
686 1765 782 1806 quae
798 1764 1023 1799 magnopere

348 1802 556 1836 cavendum
588 1801 643 1834 est
673 1811 719 1835 ne
746 1800 780 1834 vi
805 1801 843 1834 et
867 1810 933 1833 usu
958 1808 1024 1832 suo

349 1845 441 1880 nihil
458 1846 668 1890 discrepare
686 1846 851 1888 putetur.
878 1844 932 1878 Ac
949 1842 1024 1894 pri-

349 1902 449 1924 mum
475 1890 626 1934 quidem
644 1889 717 1924 dici
733 1890 923 1934 potestzn
949 1901 1024 1922 των

348 1939 523 1970 παλαιῶν
578 1936 708 1979 σοφιᾝα
780 1935 860 1976 Quo
901 1902 1025 1967 η11101110

349 1979 481 2015 Graeci
507 1980 610 2030 loqui
635 1980 765 2021 solent,
792 1989 907 2021 quum
932 1978 1025 2012 utri-

348 2036 465 2068 usque
491 2025 648 2058 nominis
667 2034 712 2058 ea
729 2024 785 2058 est
801 2022 1025 2063 coniunctio,

349 2070 392 2103 ut
423 2070 598 2103 neutrum
630 2069 667 2103 vi
699 2079 765 2102 sua
789 2078 880 2111 prae
907 2067 1024 2101 altero

350 2114 523 2156 emineat,
560 2113 624 2147 sed
661 2113 820 2147 alterum
856 2122 939 2146 cum
976 2112 1027 2145 al-

348 2160 429 2193 tero
454 2159 492 2192 111
517 2168 629 2192 unam
654 2157 760 2200 quasi
784 2158 890 2191 coeat
906 2156 1026 2190 notio-

350 2213 445 2237 nem.
494 2202 600 2237 Unde
631 2202 688 2245 fit,
714 2203 755 2236 ut
778 2202 909 2246 lingua
933 2200 1025 2235 Ger—

350 2248 497 2283 manica
521 2257 786 2291 saepenumero
812 2245 1027 2290 compositis

351 2294 479 2327 utatur
504 2292 732 2336 nominibus,
767 2302 880 2334 quum
904 2291 1027 2324 istius-

352 2337 453 2371 modi
500 2337 698 2372 verborum
723 2319 1027 2380 ⁷comprehensio

351 2382 552 2437 diligenter
561 2380 819 2436 exprimenda
843 2382 908 2417 est
956 2380 1028 2415 Ve-

351 2427 421 2461 luti
452 2425 474 2471 ἡ
509 2427 575 2461 τοῦ
606 2426 774 2470 πολέμου
807 2424 900 2469 τύχη
937 2424 1026 2458 Ger-

353 2472 496 2507 manice
532 2471 682 2506 reddas:
725 2470 800 2505 das
838 2469 1028 2513 Kriegs-

353 2516 590 2560 geschick3
617 2512 639 2560 ἡ
659 2514 733 2550 τῶν
749 2515 941 2558 πολεμίων
967 2515 1027 2557 γῆ,

354 2562 432 2597 das
464 2559 772 2595 Feindesland
805 2560 872 2594 etc.
921 2559 1027 2593 Pror-

353 2618 415 2640 sus
440 2605 514 2641 alia
538 2606 633 2640 ratio
659 2606 726 2647 est,
752 2615 867 2647 quum
895 2603 1028 2637 dicitur

354 2647 376 2694 ἡ
418 2652 538 2694 σοφία
577 2651 651 2685 τῶν
698 2649 884 2685 παλαιῶν.
949 2648 1028 2683 Hoc

352 2695 452 2729 enim
470 2695 579 2729 modo
597 2695 662 2738 qui
677 2693 851 2737 loquitur,
878 2693 908 2727 is
931 2692 1029 2738 prio-

354 2750 432 2773 rem
447 2741 642 2774 verborum
657 2740 801 2789 partem
823 2748 911 2772 sono
930 2739 1031 2772 acuit

355 2786 468 2827 atque
500 2796 514 2818 s
530 2795 551 2819 a
565 2795 587 2828 p
602 2785 613 2817 i
628 2795 646 2819 e
660 2796 683 2818 n
698 2783 736 2818 t
726 2795 738 2817 1
753 2794 774 2817 a
788 2794 824 2816 m
860 2783 1030 2817 veterum

353 2829 552 2873 distinguit
587 2829 633 2863 ab
674 2828 749 2863 alia
788 2827 950 2870 quadam
989 2838 1029 2861 re

346 938 483 981 Cobet,
515 908 661 973 &italiisn
671 894 857 972 fxffliggtvg
867 907 879 928 ι
889 889 1298 972 ἑὲ11ἕ11111115ῦ1011011105.

957 985 989 1017 8.
1015 996 1033 1016 τ
1044 995 1062 1016 ο
1072 981 1095 1016 ύ
1105 995 1124 1016 τ
1134 995 1161 1026 ῳ
1188 980 1326 1016 delevit
1350 981 1426 1014 Ast

1166 902 1233 936 pro
1264 891 1365 925 futili
1395 890 1618 925 emblemate
1649 888 1766 923 habet

1394 939 1423 970 7
1452 931 1764 978 εὐδοκιμήσει

1092 1080 1317 1127 [veterum],
1343 1090 1455 1124 quam
1480 1090 1554 1114 non
1578 1078 1660 1113 vult
1683 1088 1766 1112 cum

1089 1126 1153 1160 illa
1167 1092 1367 1161 confundiq
1356 1126 1420 1159 aut
1433 1124 1650 1168 permutari
1677 1122 1768 1158 Con·

1090 1171 1207 1206 traria
1239 1171 1324 1205 huic
1352 1169 1449 1204 ratio
1476 1170 1549 1212 est,
1576 1179 1689 1223 quum
1714 1167 1768 1202 di-

1091 1216 1185 1250 citur
1231 1217 1303 1250 τῶν
1352 1213 1525 1250 παλαιῶν
1564 1212 1587 1258 ἡ
1638 1213 1767 1264 σοφία.

1090 1260 1186 1295 Nam
1217 1260 1272 1294 ita
1303 1264 1381 1300 τοῖς
1408 1262 1588 1299 παλαιοῖς
1612 1257 1767 1302 opponi-

1091 1317 1171 1339 mus
1197 1304 1303 1347 alios,
1329 1315 1485 1354 quorum
1511 1303 1696 1355 sapientia
1720 1302 1769 1336 sit

1091 1350 1183 1393 alia,
1221 1349 1381 1393 ideoque
1413 1349 1530 1392 priori
1559 1346 1659 1392 parti
1688 1357 1769 1381 ver-

1090 1378 1223 1429 boru⁷m
1254 1394 1352 1428 inter
1383 1404 1420 1428 se
1450 1393 1660 1427 iunctorum
1692 1401 1768 1425 ma-

1091 1440 1208 1475 iorem
1239 1439 1314 1472 vim
1346 1437 1544 1473 tribuimus
1569 1448 1680 1480 quam
1705 1446 1770 1481 po-

1091 1484 1247 1519 steriori.
1300 1483 1467 1527 Denique
1505 1482 1664 1517 articulo
1700 1482 1769 1516 ite-

1091 1530 1173 1564 rato
1214 1528 1366 1563 dicitur:
1409 1525 1431 1572 ἡ
1477 1527 1594 1570 σοφία
1634 1524 1656 1570 ἡ
1696 1527 1770 1561 τῶν

1092 1574 1279 1624 παλαιῷν,
1307 1572 1408 1615 quod
1433 1572 1484 1614 fit,
1503 1583 1616 1616 quum
1634 1581 1771 1605 nomen

1092 1618 1234 1653 nomini
1257 1629 1324 1662 per
1349 1598 1620 1667 appositionem
1644 1616 1770 1651 adiici-

1092 1665 1164 1697 tur.
1206 1663 1326 1706 Atque
1343 1662 1436 1697 haec
1462 1661 1612 1705 quidem
1638 1661 1769 1695 verbo-

1093 1719 1174 1742 rum
1207 1707 1417 1742 coniunctio
1450 1707 1620 1741 constans
1652 1706 1708 1740 est
1732 1706 1771 1739 et

1093 1753 1282 1797 legitima,
1316 1762 1530 1794 quanquam
1553 1751 1634 1785 fieri
1657 1750 1770 1784 inter-

1095 1798 1182 1832 dum
1212 1798 1355 1842 potest,
1388 1797 1429 1830 ut
1458 1796 1622 1831 secunda
1657 1796 1770 1838 atque

1094 1842 1213 1877 tertia
1250 1843 1347 1876 ratio
1383 1841 1538 1886 propter
1571 1839 1770 1874 rhetori-

1095 1898 1187 1922 cam
1224 1887 1387 1930 aliquam
1423 1885 1621 1921 verborum
1657 1883 1766 1919 eollo-

1094 1932 1278 1966 cationem
1318 1931 1548 1965 immutetur.
1608 1929 1683 1963 Nos
1724 1928 1769 1963 de

1094 1976 1400 2020 grammatica
1430 1974 1574 2009 ratione
1598 1973 1691 2008 haec
1715 1973 1770 2008 in-

1094 2021 1215 2065 telligi
1241 2019 1429 2062 volumus,
1462 2018 1583 2063 qualis
1613 2018 1771 2060 obtinet,

1096 2076 1208 2108 quum
1242 2064 1346 2099 nulla
1371 2047 1599 2099 extrinsecus
1624 2062 1769 2097 accedit

1095 2121 1207 2145 causa
1223 2109 1361 2144 inversi
1379 2109 1437 2144 vel
1453 2107 1666 2143 invertendi
1683 2107 1770 2141 sim—

1094 2155 1201 2200 plicis
1232 2155 1430 2189 verborum
1460 2153 1609 2188 ordinis.
1640 2151 1770 2190 Stallb.

1096 2212 1126 2234 v.
1152 2199 1265 2244 Krtig.
1292 2198 1353 2236 Gr.
1379 2203 1432 2236 50.
1456 2202 1488 2241 8,
1517 2201 1568 2233 11.

1148 2249 1179 2279 5.
1223 2244 1262 2280 εἰ
1302 2242 1504 2278 καθέλοι
1545 2243 1682 2277 τοῦτο
1722 2241 1770 2276 τὸ

1097 2289 1293 2371 {Ziffssfflms-
1284 2300 1296 2322 1
1327 2299 1434 2368 {fagi
1442 2289 1458 2321 t
1466 2287 1587 2366 ξιῗωξῗι
1595 2288 1678 2374 {er
1687 2286 1772 2365 hgstt

1096 2379 1330 2414 violenter
1378 2377 1595 2418 deiicere,
1650 2376 1771 2409 humi

1097 2425 1402 2468 prosternere
1414 2421 1627 2476 Aeschyl.
1636 2421 1771 2476 Agam.

1097 2481 1131 2503 V.
1166 2472 1247 2504 381·
1299 2468 1406 2502 λιτᾶν
1449 2463 1486 2501 δ’
1530 2463 1664 2500 ακούει
1701 2478 1770 2509 μεν

1099 2510 1203 2553 οὔτις
1227 2514 1349 2547 θεῶν·
1381 2510 1446 2546 τὸν
1474 2509 1511 2545 δ’
1540 2498 1770 2555 ἐπίστροφον

1099 2559 1219 2593 τῶνδε
1259 2555 1356 2601 φῶτ’
1398 2553 1537 2590 αδικον
1575 2558 1768 2610 καθαιρεῖ,

1098 2602 1325 2644 Similiterp.
1341 2600 1456 2635 3440:
1482 2602 1570 2635 τίνα
1588 2598 1654 2635 οὖν
1674 2597 1769 2641 niwi-

1099 2660 1212 2691 χανος
1238 2658 1418 2690 συμφορα
1443 2648 1647 2688 καθαιρεις
1676 2644 1770 2678 Ibid.

1098 2693 1141 2727 D.
1168 2691 1208 2729 Ε
1233 2690 1359 2727 Stazlb.

1142 2740 1174 2771 8.
1222 2733 1387 2770 τοι-’του
1437 2732 1589 2778 ἕνεκα]
1632 2735 1674 2768 ut
1713 2744 1770 2768 sa-

1097 2780 1303 2826 pientiae
1335 2780 1492 2813 famam
1525 2788 1770 2821 conseque-

1098 2826 1224 2861 r·etui
1258 2824 1464 2859 refutato
1501 2823 1673 2858 Pittaci
1706 2822 1769 2856 di-

1808 2814 1830 2829 φ
