1939 3214
341 161 421 202 122

339 259 685 315 διαλεγομένους
724 261 795 301 καὶ
838 259 887 302 τὸ
926 261 1209 315 δημηγορεῖν.

930 158 1168 194 PLATONIS

1268 257 1384 300 Ἀλλ’
1418 257 1547 318 ὁροῖς,
1589 262 1689 315 ἔφη,
1722 254 1761 302 αἶ

340 330 599 382 Σώκρατες·
634 328 784 369 δίκαια
816 328 942 369 δοκεῖ
968 327 1116 381 λέγειν
1137 326 1441 380 Πρωταγόρας
1471 325 1607 377 ἀξιῶν
1637 326 1759 383 αὐτῷ

338 411 386 437 τε
417 397 580 446 ἐξεῖναι
612 394 898 448 διαλέγεσθαι
930 390 1048 443 ὅπως
1085 395 1310 448 βούλεται,
1343 395 1417 436 καὶ
1449 394 1519 436 σοὶ
1551 393 1669 446 ὅπως
1700 392 1758 437 ἂν

337 457 396 504 αὖ
427 461 483 504 σύ
515 463 673 517 βούλῃ.

451 530 554 584 Cap.
577 530 739 571 XXIII.
767 527 1025 583 ’Τπολαβών
1047 523 1131 570 οὖν
1153 528 1176 571 ὁ
1205 528 1497 583 Ἀλκιβιάδης,
1523 527 1591 571 Οὐ
1610 533 1758 579 καλῶς
1786 543 1802 569 5

337 597 492 650 λέγεις,
526 599 626 652 ἔφη,
659 589 694 637 cd
714 597 910 640 Καλλία.
956 595 1203 651 Σωκράτης
1222 597 1305 651 μὲν
1325 594 1413 652 γαρ
1445 595 1521 638 ὅδε
1552 594 1762 651 ὁμολογεῖ

336 662 393 718 μὴ
426 665 623 719 μετεῖναί
655 663 700 705 οἱ
726 666 1027 718 μακρολογίας
1057 665 1132 706 καὶ
1173 671 1433 719 παραχωρεῖ
1459 664 1754 720 Πρωταγόρᾳ,

290 733 419 772 Cro&
457 732 506 772 δὲ
544 730 831 785 διαλέγεσθαι
873 726 965 780 οἷός
994 730 1031 773 τ’
1069 728 1182 774 εἶναι
1215 730 1289 773 καὶ
1321 732 1586 774 ἐπίστασθαι
1617 732 1757 785 λόγον

335 814 382 840 τε
404 800 564 841 δοῦναι
594 800 666 841 καὶ
698 791 912 850 δέξασθαι
942 798 1212 854 θαυμάζοιμ’
1245 798 1304 841 ἄν
1336 803 1380 840 εἷ’
1403 815 1463 854 τῳ
1494 797 1757 854 ἀνθρώπων

336 873 604 920 παραχωρεῖ.
652 867 792 921 εἰμὲν
815 861 900 908 οὖν
921 867 994 908 καὶ
1016 868 1322 922 Πρωταγόρας
1351 866 1561 920 ὁμολογεῖ
1588 865 1753 922 φαυλό-
1772 880 1802 905 10

334 948 461 985 τερος
501 930 613 975 εἶναι
645 935 918 988 Σωκράτους
950 935 1258 989 διαλεχθῆναι,
1293 935 1473 988 ἐξαρκεῖ
1500 934 1753 988 Σωκράτει·

336 1059 423 1096 λους
441 1056 529 1096 τοὺς
548 1057 694 1100 λόγους.
719 1057 864 1112 Eurip
887 1056 1007 1111 Iphig

334 1101 417 1138 Aul.
437 1104 519 1136 865:
555 1103 665 1146 χωρὶς
690 1099 791 1143 τᾶμα
817 1097 1009 1146 κοῖγαμέμ-

333 1159 456 1186 νονος
483 1147 689 1199 Aeschyl.
716 1147 901 1182 Prometh.
922 1150 1008 1181 963:

333 1190 573 1245 μαθήσεται,
606 1188 695 1227 όσον
729 1189 770 1226 τό
804 1189 838 1226 τ’
878 1189 1011 1236 ἄρχειν

334 1236 400 1271 καὶ
431 1236 472 1272 τὸ
507 1235 709 1272 δουλεύειν
749 1238 811 1281 δίχ
815 1250 849 1272 α.
898 1237 1012 1271 Plura

334 1282 440 1316 dabit
488 1250 811 1316 Heindorfiusx
833 1282 881 1316 ad
916 1282 950 1316 h.
986 1282 1010 1318 l.

333 1328 459 1362 Auct.
492 1328 576 1361 Inc.
605 1339 665 1371 ap.
691 1327 821 1361 Rutil
845 1327 949 1371 Lup.
976 1326 1011 1360 ΙΙ

336 1376 393 1406 15:
413 1383 613 1407 seorsum
640 1374 708 1406 est
732 1371 1010 1406 beneficium

333 1416 440 1452 dare
477 1417 679 1451 libenter
715 1419 758 1451 et
790 1417 1010 1451 iniuriam

333 1463 488 1496 facere
513 1462 651 1496 nolle.
677 1461 804 1496 Stalzb

380 1528 409 1558 1.
437 1523 927 1579 δημηγορεῖν]Αο0011111.
955 1534 1006 1558 01.

336 1572 365 1620 1,
392 1573 452 1603 27:
481 1566 499 1603 ὁ
539 1567 762 1622 νομοθέτης
789 1567 1005 1613 διαρρήδην

333 1595 537 1657 ἀπέδειξεν
579 1627 645 1665 ους
695 1612 763 1667 χρὴ
807 1614 1007 1657 δημηγο-

333 1665 432 1700 ρεῐν
475 1659 540 1693 καὶ
577 1672 644 1698 ους
671 1657 715 1693 οὐ
754 1659 818 1693 δεῖ
853 1658 1008 1702 λέγειν

331 1702 379 1740 ἐν
410 1703 466 1750 τῷ
507 1701 645 1754 δήμῳ.
695 1704 841 1746 Longas
872 1703 1008 1754 oratio·

331 1760 414 1790 nes,
444 1741 587 1791 quibus
619 1760 657 1782 111
689 1748 861 1782 contione
901 1749 939 1781 et
968 1748 1007 1781 in

331 1776 468 1828 iudicio
502 1792 703 1828 adversarii
734 1793 831 1827 inter
861 1804 899 1827 se
931 1804 1006 1827 cer-

332 1840 432 1882 tent,
469 1850 491 1873 a
522 1838 716 1881 colloquiis
754 1837 895 1872 alienas
927 1848 1005 1872 esse

331 1884 504 1918 Socrates
530 1884 665 1918 censet.

371 1936 477 1975 Ἀλλ’
504 1937 631 1984 ὁρᾶς]
661 1939 745 1973 Sed
772 1939 901 1974 vides
925 1939 947 1972 1.
976 1950 1006 1973 0.

329 1996 389 2020 100
429 1985 501 2019 tibi
540 1985 740 2018 manifesta
781 1984 848 2018 est
904 1983 1006 2017 Haec

330 2030 446 2064 verba
478 2039 744 2073 saepenumero
769 2029 822 2062 ita
847 2029 1007 2062 orationi

330 2076 395 2109 aut
425 2075 716 2118 praemittuntur
747 2074 813 2107 aut
842 2073 1006 2117 1111301Ρο-

329 2121 487 2161 nuntur,
526 2120 568 2152 ut
602 2129 668 2162 per
705 2128 744 2151 se
781 2118 1004 2151 sententiam

330 2164 494 2198 efficiant
518 2163 756 2206 indicentque
775 2162 933 2196 alterum
950 2163 1006 2197 101

329 2209 536 2259 praesentis
578 2207 832 2241 condicionem
880 2207 1003 2250 ipsum

325 2253 550 2310 perspicere.
576 2252 776 2300 Hipparch.
800 2263 836 2304 p,
863 2256 927 2286 227
953 2253 1004 2286 D:

325 2297 419 2333 Am!
462 2297 571 2346 ὁρᾷς,
621 2300 648 2332 ὠ
690 2300 919 2350 γλυκυτατε,
963 2295 1004 2332 τὸ

330 2335 549 2395 κερδαίνειν
586 2339 670 2386 ἄρτι
709 2339 1006 2386 ὡμολογήσαμεν

332 2393 432 2423 εἰναι
488 2386 740 2432 ὠφελεῖσθαι.
812 2387 1001 2440 Aiistoph.

328 2433 546 2486 ’1110011110
583 2437 664 2468 996:
715 2426 846 2473 ταῦθ’,
895 2429 1002 2480 ὁρᾷς,

329 2474 523 2513 ovnmrtoz’
554 2483 671 2515 ἓιπὲν,

375 2543 405 2576 5.
451 2536 715 2583 Ὗπολαβὼν
810 2535 828 2572 ὁ
863 2533 1002 2573 Ἀλκι-

330 2582 469 2628 βιοὶὃη
482 2585 511 2628 ς]
539 2584 740 2628 Postquam
759 2581 893 2617 Callias
909 2583 1002 2617 Pro-

327 2630 499 2672 tagorae,
526 2629 665 2673 hospiti
690 2639 766 2667 suo,
792 2628 1001 2672 patrocina-

328 2676 386 2707 tus
418 2675 490 2716 est,
523 2674 669 2709 fortiter
700 2676 738 2708 et
762 2673 1003 2708 vehementer

329 2717 544 2752 Alcibiades
570 2719 730 2753 Socratis
762 2727 909 2751 causam
935 2719 1001 2752 de—

325 2762 448 2796 fendit
472 2774 630 2806 eumque
649 2763 844 2807 longarum
866 2763 999 2797 oratio-

328 2819 416 2841 num
457 2807 612 2842 victoria
653 2818 825 2842 concessa
860 2807 898 2841 id
935 2819 1000 2842 suo

325 2852 407 2887 :iure
432 2852 621 2897 postulare
641 2853 741 2895 dicit,
767 2854 808 2887 ut
824 2853 999 2887 brevibus

1081 1057 1312 1091 orationibus
1352 1058 1578 1099 Protagoras
1625 1058 1755 1092 certet.

1080 1101 1185 1143 Quod
1210 1101 1239 1135 si
1264 1102 1359 1135 nolit
1383 1102 1565 1146 sophista,
1592 1102 1756 1137 fateatur

1081 1146 1144 1181 et
1134 1157 1215 1190 ipse
1238 1147 1308 1181 11οο
1328 1146 1543 1191 disputandi
1565 1157 1702 1191 genere
1716 1158 1753 1182 se

1081 1192 1232 1226 Socrate
1257 1191 1470 1226 inferiorem
1497 1202 1587 1230 0000
1637 1191 1753 1234 Quae-

1081 1237 1241 1271 stionem
1275 1237 1394 1281 ipsam
1433 1237 1645 1271 Alcibiades
1681 1248 1754 1272 non

1081 1282 1200 1325 magis
1231 1283 1337 1315 curat
1368 1293 1479 1325 quam
1512 1282 1664 1324 Callias,
1689 1282 1754 1317 sed

1081 1326 1271 1361 Socratem
1301 1327 1340 1360 id
1370 1327 1539 1370 spectare
1563 1328 1678 1370 ratus,
1711 1330 1754 1361 ut

1082 1371 1305 1415 dignitatem
1324 1382 1428 1405 suam
1444 1372 1605 1421 tueatur,
1631 1372 1664 1406 ei
1690 1373 1753 1406 ob-

1081 1416 1271 1451 secundat.
1320 1416 1415 1450 Hinc
1453 1415 1530 1450 eius
1569 1417 1682 1451 verba
1719 1417 1755 1453 εἰ

1080 1460 1348 1517 Πρωταγόρας
1363 1458 1541 1505 ὁμολογεῖ
1565 1460 1753 1514 φαυλότε-

1081 1519 1143 1550 ρος
1171 1511 1294 1541 εἰναι.
1310 1504 1491 1561 ,ἐξαρκεῖ
1511 1504 1723 1560 Σωκράτει.

1131 1555 1162 1587 8.
1203 1552 1284 1586 τοῦ
1327 1550 1375 1585 δὲ
1419 1550 1753 1604 διαλέγεσθαι]

1079 1596 1196 1630 verba
1242 1597 1293 1631 010
1335 1596 1550 1631 cohaerent:
1600 1595 1753 1650 θαυμά-

1079 1643 1179 1684 ζοιμι
1212 1640 1253 1676 δὲ
1286 1638 1353 1683 dlv,
1388 1642 1427 1675 εἴ
1452 1654 1502 1683 τῳ
1533 1639 1753 1698 ανθρώπων

1078 1690 1305 1730 παραχωρεῖ
1342 1687 1409 1720 τοῦ
1450 1684 1530 1726 οἷός
1569 1700 1588 1721 τ
1651 1685 1753 1722 εἶναι

1079 1731 1331 1776 διαλέγεσθαι
1356 1732 1420 1765 καὶ
1441 1729 1674 1766 ἒπιστασθαι
1693 1730 1750 1767 λό-

1077 1789 1144 1819 γον
1182 1790 1221 1812 τε
1260 1777 1400 1811 δοῦναι
1437 1776 1503 1811 καὶ
1540 1776 1751 1828 δέξασθαι·

1076 1821 1214 1856 1111101
1262 1822 1431 1861 011130111,
1482 1821 1518 1855 01
1559 1823 1630 1856 0111
1676 1821 1753 1856 ho-

1077 1866 1188 1900 mini
1224 1867 1360 1900 cedat
1396 1866 1624 1900 facultate
1662 1866 1752 1900 dis-

1079 1911 1267 1946 serendi
1301 1912 1345 1945 et
1376 1910 1577 1945 scientia
1608 1912 1749 1945 ratio-

1077 1957 1144 1990 1110
1183 1958 1274 1990 tam
1316 1955 1577 1989 reddendae
1619 1966 1750 1999 quam

1078 1999 1388 2057 accipiendae.
1444 2000 1590 2034 Etenim
1630 2014 1750 2043 παρα-

1077 2050 1213 2089 χωρεῖν
1250 2058 1325 2079 τιτι
1363 2045 1430 2079 τοῦ
1463 2042 1543 2084 οἷός
1574 2043 1609 2079 τ’
1650 2050 1750 2080 εἰναι

1077 2090 1217 2124 dictum
1235 2091 1278 2124 ut
1293 2094 1538 2134 παραχωρεῖν
1551 2103 1627 2125 τινι
1643 2087 1749 2126 ὁδοῦ.

1074 2135 1146 2169 Pro
1174 2134 1286 2179 λόγον
1311 2147 1350 2169 τε
1379 2136 1519 2169 δοῦναι
1547 2135 1611 2170 καὶ
1638 2136 1750 2178 δέξα·

1076 2183 1170 2214 σθαι
1204 2191 1249 2214 110
1282 2179 1364 2221 quis
1390 2180 1497 2214 malit
1522 2177 1587 2224 λόγ
1592 2193 1634 2214 ον
1661 2180 1749 2216 δοῦ-

1075 2227 1144 2259 ναί
1167 2238 1206 2259 τε
1232 2225 1296 2258 καὶ
1318 2224 1522 2268 δέξασθαι,
1550 2193 1674 2268 pyosita
1691 2226 1749 2260 est

1074 2270 1208 2304 vocula
1231 2270 1386 2313 perinde
1413 2281 1455 2303 ac
1480 2269 1510 2303 si
1535 2269 1666 2304 deinde
1691 2270 1749 2304 iti-

1076 2315 1160 2349 dem
1189 2314 1300 2359 plene
1327 2314 1512 2349 diceretur
1537 2314 1601 2349 καὶ
1636 2310 1749 2359 λόγον

1076 2327 1280 2402 δέξασθαι,
1308 2359 1450 2394 Similia
1466 2359 1675 2393 notavimus
1701 2360 1748 2394 ad

1075 2404 1215 2441 Criton,
1238 2416 1273 2448 p.
1299 2409 1342 2439 43
1367 2404 1398 2437 A
1424 2405 1462 2437 et
1486 2404 1532 2437 ad
1559 2403 1747 2439 Phaedon.

1072 2461 1110 2493 p.
1135 2454 1177 2484 94
1195 2449 1238 2483 D.
1264 2448 1391 2484 Stallb.

1119 2499 1150 2528 9.
1170 2496 1284 2538 εἴτῳ
1309 2493 1598 2538 παραχωρεῖ]
1619 2494 1654 2527 01
1679 2505 1747 2528 re-

1073 2550 1180 2573 vera
1223 2539 1429 2581 cuiquam
1468 2539 1601 2573 cedit.
1633 2550 1665 2574 v.
1700 2538 1747 2572 ad

1072 2584 1219 2629 apolog
1256 2594 1291 2626 p.
1323 2587 1365 2617 ‘25
1391 2583 1432 2618 Β.
1488 2583 1628 2618 Eadem
1665 2593 1747 2618 con-

1073 2630 1226 2663 structio
1252 2639 1286 2680 p.
1313 2632 1376 2661 312
1404 2628 1446 2662 C:
1478 2625 1498 2663 o'
1524 2642 1559 2663 τι
1585 2628 1628 2662 δέ
1653 2640 1745 2663 ποτε

1073 2672 1092 2708 ὁ
1112 2670 1296 2717 σοφιστής
1314 2670 1407 2714 ἐστι,
1431 2669 1667 2727 θαυμάζοιμ’
1697 2687 1745 2707 αν

1072 2718 1107 2754 εἰ
1143 2718 1271 2754 οἶσθα.
1325 2729 1359 2761 p.
1398 2722 1463 2753 315
1487 2718 1533 2752 E:
1586 2715 1654 2753 οὐκ
1697 2711 1745 2752 ἂν

1070 2760 1322 2817 θαυμάζοιμι,
1352 2762 1385 2797 εἰ
1410 2761 1576 2797 παιδικὰ
1594 2784 1636 2787 -
1656 2776 1743 2805 τυγ-

1071 2821 1180 2853 χανει
1213 2804 1274 2842 ὤν.
1315 2818 1351 2850 p.
1379 2812 1445 2842 354
1469 2808 1518 2842 D:
1557 2807 1592 2842 εἰ
1622 2808 1743 2843 κακὸν

1071 2865 1221 2888 nouat&
1249 2879 1256 2886 .
1284 2880 1292 2888 .
1320 2849 1436 2896 ξ’,χθιΐ
1463 2866 1511 2887 αν
1539 2852 1674 2888 &tn-85²1.
