1907 3230
1594 710 1696 742 steph.

272 734 371 789 Cap.
403 734 437 775 I.
489 736 578 775 ΕΤ.
625 733 794 786 Πόθεν,
826 749 859 775 ω
894 733 1152 788 Σώκρατες,
1186 734 1357 787 φαίνει;
1395 732 1424 787 ἢ
1457 733 1621 789 δῆλαρ
1640 748 1704 779 309

157 799 260 855 δή”
244 800 310 843 ότι
341 799 426 843 ἀπὸ
458 802 729 855 κυνηγεσίου
759 802 839 842 τοῦ
869 801 970 855 περι
1002 799 1079 855 τὴν
1111 798 1393 854 Ἀλκιβιάδου
1421 797 1565 854 &pam

157 867 231 909 καὶ
259 868 349 922 μήν
378 883 452 922 μοι
483 869 557 910 καὶ
587 868 744 923 πρῴην
775 867 917 909 ἰδόντι
954 865 1087 916 καλὸς
1115 868 1197 921 μὲν
1226 866 1431 921 ἐφαίνετο
1453 864 1568 922 ἀνὴρ

155 937 233 989 ἔτι,
265 934 381 990 ἀνὴρ
402 935 566 991 μέντοι,
599 930 634 977 oi
656 935 906 990 Σώκρατες,
931 934 991 984 ὥς
1010 933 1052 989 γ’
1077 934 1127 976 ἐν
1148 934 1299 984 αὐτοῖς
1318 934 1427 990 ἡμῖν
1449 935 1571 989 εἰρῆ-

108 1016 129 1048 5
156 1007 277 1057 σθαι,
310 1003 384 1044 καὶ
414 1002 627 1057 πώγωνος
656 1002 740 1058 ἤδη
775 1001 1186 1057 ὑποπιμπλάμενος.

269 1120 298 1151 1.
322 1111 449 1150 πόθεν
467 1135 507 1140 -
525 1119 580 1158 40,
595 1120 614 1149 3
633 1114 672 1160 ἔχ
677 1128 709 1151 ει
722 1115 984 1159 Athenaeusp.
999 1116 1099 1151 2191?
1114 1116 1253 1158 attulit,
1270 1115 1335 1151 sed
1348 1115 1453 1156 liber
1468 1114 1566 1149 unde

152 1159 304 1195 ineunte
329 1160 475 1195 saeculo
500 1161 660 1204 tertiop

698 1159 781 1197 Chr
807 1172 841 1194 n.
868 1161 1070 1213 excerpsit,
1096 1161 1270 1196 mendose
1295 1160 1368 1195 fuit
1392 1141 1568 1218 scriptus.

153 1204 410 1239 desiderantur
435 1205 535 1250 apud
560 1216 644 1240 eum
636 1172 874 1249 pparticulae
897 1202 955 1241 ότι
973 1207 1010 1240 et
1027 1205 1108 1250 μέν,
1137 1203 1334 1240 abundat
1319 1219 1338 1240 ο
1357 1206 1443 1250 post
1460 1218 1570 1247 εφαι-

152 1261 249 1290 νετο,
277 1249 468 1294 duplicata
485 1250 592 1284 huius
610 1251 714 1285 verbi
731 1250 856 1285 littera
873 1250 1006 1285 ultima
1023 1251 1204 1292 exortum,
1231 1250 1394 1304 itemque
1415 1248 1462 1294 δὴ
1483 1253 1569 1293 post

152 1293 233 1329 εἶτα
251 1296 298 1336 τί,
325 1306 398 1338 quo
424 1295 506 1337 quis
525 1293 607 1329 εἶτα
623 1295 890 1349 interpretatus
908 1296 1000 1352 erat,
1027 1295 1065 1329 et
1081 1293 1196 1335 αὐτός
1212 1297 1299 1339 post
1318 1292 1567 1339 Ἀλκιβιάδης,

149 1339 309 1384 denique
334 1350 402 1395 pro
429 1339 469 1375 ἐν
495 1338 626 1380 αὐτοῖς
651 1337 745 1384 ἡμῖν
768 1340 912 1375 invenit
937 1337 977 1374 ἐν
1001 1336 1096 1384 ἡμῖν
1122 1353 1266 1380 αυτοις.

263 1389 295 1420 3
304 1398 421 1438 ανηρ
446 1384 526 1419 ΒΤ.
553 1381 651 1429 ἀνὴρ
676 1384 833 1426 Bekker,
860 1384 924 1420 sed
948 1387 1048 1419 recte
1073 1384 1161 1419 libri
1184 1385 1363 1428 Platonis,
1390 1386 1445 1420 est
1470 1385 1568 1420 enim

148 1428 263 1470 καλὸς
290 1426 387 1474 ἁνήρ
412 1429 669 1474 praedicatum
694 1429 794 1473 quod
819 1429 966 1467 dicitur.

224 1541 271 1574 ap
355 1532 402 1565 At
431 1530 507 1566 enis
545 1531 583 1565 in
602 1540 679 1565 occi
709 1531 825 1566 entai

195 1530 220 1565 C
276 1531 328 1566 ..Ι
405 1531 426 1565 h
510 1558 519 1575 ,
671 1531 705 1565 d
797 1531 810 1565 l

147 1541 271 1620 partep
284 1576 402 1618 urbis,
436 1577 522 1611 ante
554 1577 705 1611 ianuam
735 1587 822 1611 suae

149 1620 278 1655 domus
305 1623 352 1664 (v.
380 1632 463 1656 ann.
488 1621 536 1656 ad
560 1633 594 1665 p.
614 1625 680 1656 314
699 1621 738 1664 C)
763 1622 823 1656 vel

146 1665 185 1699 in
210 1666 359 1710 publica
383 1666 509 1710 aliqua
525 1667 611 1701 sede
629 1666 822 1701 familiaris

148 1709 309 1745 Socratis
340 1722 421 1745 eum
448 1711 651 1754 pedisequo
677 1723 742 1746 suo
767 1722 822 1746 se-

148 1755 220 1789 det.
248 1755 417 1789 Socrates
431 1755 567 1790 Calliae
586 1755 694 1789 domo
710 1756 820 1790 modo

145 1799 278 1834 relicta
309 1811 353 1834 ex
378 1799 505 1834 Melite
538 1811 635 1844 pago
670 1803 716 1842 (v.
742 1801 822 1834 Ari-

146 1846 228 1888 stop
232 1844 269 1880 h.
312 1855 390 1879 ran.
424 1848 486 1880 501
529 1846 655 1889 ibique
689 1845 819 1888 schol.)

146 1890 255 1926 redit
281 1889 441 1924 Miratur
456 1890 528 1932 ille
549 1890 638 1934 quid
658 1891 705 1924 sit
722 1891 821 1941 quod

146 1934 334 1969 Socratem
371 1935 554 1970 matutino
584 1936 752 1979 tempore
783 1936 821 1969 in

145 1990 229 2059 §321³
241 1979 819 2069 91ἵῖἕέ,Γθὲἐῗὲἓῖϊῖῗὲἕῖἓὶῗ

148 2069 257 2110 cedit,
284 2071 493 2113 suspicatur
517 2081 554 2104 in
578 2081 652 2115 pag
628 2080 675 2114 go
694 2069 818 2105 Scam-

144 2096 818 2201 ἓοῃῗξίἰέἰιὲῑιέηῗέἓέἰὲἶθἕῖἒὶῑὲἓῗζ

143 2203 197 2237 ibi
221 2204 453 2239 habitantem
479 2206 524 2247 (v.
549 2205 733 2239 Plutarch.
751 2205 815 2239 Al-

144 2248 214 2283 cib.
232 2260 260 2284 c.
279 2253 334 2291 22)
362 2250 582 2284 convenisse
600 2250 707 2284 —Et
725 2250 816 2285 haec

143 2294 816 2417 {232103535'32&zifffipgsswaegztssg

142 2383 508 2472 p3011253¹.‘..3³‘⁷3.5¹053
536 2387 727 2474 ἓξέἷὲἓεῑο
752 2385 816 2464 ..¹1¹3

142 2483 215 2516 quo
241 2475 405 2517 cogitare
430 2485 496 2509 nos
512 2474 724 2518 prohibent,
751 2475 815 2510 ubi

142 2517 207 2552 hos
232 2529 416 2554 sermones
434 2521 602 2554 narratos
621 2530 698 2554 esse
715 2519 815 2554 dica-

142 2574 232 2600 mus,
269 2563 476 2608 Xenophon
495 2564 664 2607 (Memor.
678 2565 741 2607 Il,
758 2567 812 2609 10)

142 2607 232 2643 haec
263 2609 308 2643 de
333 2608 484 2644 Socrate
509 2610 682 2644 tradidit.
716 2608 812 2645 ἐκεῖ-

140 2651 206 2693 νός
236 2666 278 2697 γε
309 2650 369 2689 ἀεὶ
400 2653 472 2699 μὲν
502 2651 542 2689 ἓν
566 2654 615 2701 τῷ
642 2663 812 2709 φανερω

141 2699 242 2741 πρωΐ
255 2711 295 2734 τε
313 2697 384 2743 γὰρ
403 2700 457 2740 εἰς
475 2697 563 2739 τούς
580 2698 812 2744 περιπάτους

141 2743 207 2778 καὶ
238 2742 284 2778 τοὶ
315 2743 508 2802 γυμνάσια
540 2742 599 2789 ᾔει
630 2746 694 2780 καὶ
702 2748 812 2801 πλη

141 2783 288 2842 θούσης
313 2788 454 2844 οἷγορας
472 2783 553 2825 ἐκεῖ
567 2788 733 2845 φανερὸς
751 2787 809 2835 ἦν,

142 2832 206 2866 καὶ
239 2833 280 2868 τὸ
314 2833 447 2870 λοιπὸν
478 2833 540 2870 ἀεὶ
573 2837 640 2879 τῆς
671 2833 812 2880 ἡμέρας

141 2871 188 2921 ἦν
220 2872 318 2913 όπου
348 2879 539 2920 πλείστοις
570 2881 702 2924 μέλλοι
727 2892 812 2916 συν

895 1529 1064 1566 ἔσεσθαι.
1132 1531 1180 1566 Et
1226 1531 1325 1577 apud
1371 1531 1569 1566 Platonem

894 1576 1016 1634 (Apol.
1035 1581 1077 1612 30
1098 1577 1140 1621 E)
1159 1576 1356 1612 Socrates
1346 1587 1441 1621 ipse.
1465 1573 1567 1630 ὑμᾶς

893 1620 1060 1676 ἐγείρων,
1091 1622 1225 1674 inquit,
1257 1619 1372 1657 οὐδὲν
1394 1619 1568 1665 παύομαι

892 1667 963 1711 τὴν
1002 1663 1148 1711 ἡμέραν
1190 1661 1283 1711 ὅλην
1319 1668 1564 1717 πανταχοῦ

891 1714 1171 1754 προσκαθιζων.
1228 1711 1323 1746 Sunt
1363 1712 1487 1745 autem
1527 1710 1566 1745 hi

892 1766 1099 1798 sermones,
1139 1757 1180 1790 ut
1219 1756 1256 1790 in
1291 1755 1566 1801 prolegomenis

891 1811 927 1844 p
955 1805 996 1835 31
1022 1782 1195 1844 vidimus,
1219 1801 1338 1852 habiti
1363 1801 1401 1835 et
1424 1801 1565 1836 narrati

890 1845 1011 1889 primo
1044 1856 1131 1881 vere
1157 1846 1245 1880 anni
1268 1850 1333 1881 432
1360 1856 1394 1880 a.
1420 1845 1504 1881 Chr.
1529 1857 1564 1879 n

938 1894 966 1925 1.
994 1888 1171 1931 Πόθεν,
1187 1890 1214 1925 ὠ
1234 1890 1490 1941 Σώκρατες]
1510 1889 1565 1924 Ci-

891 1945 992 1979 cero,
1036 1935 1138 1970 cuius
1175 1946 1219 1970 ex
1256 1936 1564 1979 interpretatione

889 1980 1117 2025 Protagorae
1135 1980 1277 2015 Platon.
1294 1991 1414 2025 pauca
1431 1991 1452 2014 a
1469 1980 1566 2014 Pris-

890 2023 996 2060 ciano
1024 2025 1066 2060 V.
1082 2028 1138 2068 64,
1162 2025 1224 2060 VI.
1239 2028 1292 2068 63,
1318 2025 1413 2060 VIII.
1429 2028 1472 2060 35
1490 2035 1564 2059 ser—

888 2071 976 2104 vata
999 2071 1152 2112 restant,
1177 2070 1275 2105 hunc
1299 2070 1422 2105 locum
1441 2070 1495 2105 ita
1511 2069 1563 2105 la-

886 2114 964 2149 tine
997 2115 1177 2149 reddidit:
1220 2114 1313 2156 Quid
1351 2116 1415 2149 tu?
1464 2115 1561 2150 unde

886 2159 1039 2195 tandem
1064 2171 1232 2204 appares,
1259 2160 1433 2195 Socrate?
1458 2160 1562 2195 auid

887 2204 1038 2248 quidem
1068 2205 1223 2239 dubium
1253 2216 1327 2239 non
1357 2206 1431 2249 est,
1469 2205 1561 2248 quin

887 2250 933 2284 ab
966 2249 1184 2284 Alcibiade?
1239 2249 1339 2285 Conf.
1373 2262 1409 2294 p.
1441 2254 1506 2285 337
1530 2250 1560 2284 Β

887 2295 925 2329 et
934 2306 983 2349 p.
1010 2298 1075 2330 356
1093 2295 1137 2329 A.

931 2354 954 2383 η
993 2341 1106 2390 δῆλοι
1143 2337 1197 2383 δὴ
1231 2335 1318 2383 ὅτι]
1364 2336 1389 2384 ἥ
1420 2339 1458 2374 in
1488 2340 1560 2375 hac

885 2384 1045 2419 formula
1068 2396 1105 2419 vi
1123 2383 1333 2430 corrigendi
1348 2385 1502 2435 ponitur
1521 2387 1559 2420 et

884 2429 1076 2464 familiaris
1095 2429 1255 2464 Socratis
1281 2430 1336 2464 his
1361 2430 1483 2465 verbis
1504 2431 1558 2463 in-

885 2473 987 2510 dicat
1016 2486 1111 2517 rem,
1139 2485 1250 2518 quam
1274 2475 1479 2518 praemissa
1502 2475 1556 2508 in-

883 2502 1134 2564 terrogatione
1148 2520 1353 2554 sciscitatus
1366 2520 1423 2562 sit,
1437 2530 1504 2564 per
1517 2530 1556 2554 se

883 2565 1120 2599 manifestam
1145 2575 1240 2605 esse,
1274 2565 1337 2599 cfr.
1363 2576 1401 2621 p.
1429 2568 1494 2600 330
1512 2564 1556 2598 A.

881 2609 1003 2644 Etiam
1029 2611 1070 2644 ut
1095 2611 1194 2654 δῆλα
1219 2607 1268 2661 δή
1295 2611 1356 2653 (sc.
1382 2607 1474 2663 ἐστι’)
1500 2620 1555 2644 re-

881 2655 1108 2698 spondentis,
1135 2655 1186 2688 sic
1222 2649 1244 2697 ἢ
1278 2655 1325 2698 δὴ
1330 2657 1377 2688 λα
1411 2652 1459 2699 δή
1493 2665 1558 2688 sua

883 2699 1100 2734 affirmantis
1114 2701 1179 2742 est,
1198 2701 1240 2733 ut
1257 2699 1354 2733 Euth
1356 2669 1463 2744 yphr.
1481 2704 1501 2734 4
1515 2700 1555 2736 Β

881 2743 1039 2779 Rarius
1029 2756 1067 2779 in
1091 2744 1160 2779 hac
1184 2745 1344 2778 formula
1357 2746 1557 2790 usurpatur

883 2790 930 2823 ὃ
936 2792 1008 2825 λον.

910 2803 958 2868 η4.
990 2831 1035 2869 ἐν
1074 2830 1238 2874 αὐτοῖς
1282 2831 1393 2879 μῖν]
1431 2835 1555 2868 inter

882 2889 960 2914 nos
984 2880 1105 2923 ipsos
1131 2880 1154 2913 i.
1179 2891 1209 2915 e.
1235 2890 1274 2914 so
1294 2891 1350 2922 os,
1375 2890 1459 2914 nam
1486 2876 1555 2914 αὖ·
