<?xml version="1.0" encoding="UTF-8"?>
<!DOCTYPE html PUBLIC "-//W3C//DTD XHTML 1.0 Transitional//EN"
    "http://www.w3.org/TR/xhtml1/DTD/xhtml1-transitional.dtd">
<html xmlns="http://www.w3.org/1999/xhtml" xml:lang="en" lang="en">
 <head>
  <title>
</title>
<meta http-equiv="Content-Type" content="text/html;charset=utf-8" />
  <meta name='ocr-system' content='tesseract 3.04.00' />
  <meta name='ocr-capabilities' content='ocr_page ocr_carea ocr_par ocr_line ocrx_word'/>
</head>
<body>
  <div class='ocr_page' id='page_1' title='image "./protagorascumpro00platuoft/protagorascumpro00platuoft_0132.png"; bbox 0 0 1939 3214; ppageno 0'>
   <div class='ocr_carea' id='block_1_1' title="bbox 312 128 393 169">
    <p class='ocr_par' dir='ltr' id='par_1_1' title="bbox 312 128 393 169">
     <span class='ocr_line' id='line_1_1' title="bbox 312 128 393 169; baseline -0.012 0"><span class='ocrx_word' id='word_1_1' title='bbox 312 128 393 169; x_wconf 80' lang='lat'>120</span> 
     </span>
    </p>
   </div>
   <div class='ocr_carea' id='block_1_2' title="bbox 896 125 1131 161">
    <p class='ocr_par' dir='ltr' id='par_1_2' title="bbox 896 125 1131 161">
     <span class='ocr_line' id='line_1_2' title="bbox 896 125 1131 161; baseline 0 -1"><span class='ocrx_word' id='word_1_2' title='bbox 896 125 1086 161; x_wconf 85' lang='lat' dir='ltr'>PLATON</span> <span class='ocrx_word' id='word_1_3' title='bbox 1090 126 1104 160; x_wconf 96' lang='lat' dir='ltr'><strong>I</strong></span> <span class='ocrx_word' id='word_1_4' title='bbox 1109 125 1131 160; x_wconf 88' lang='lat' dir='ltr'>S</span> 
     </span>
    </p>
   </div>
   <div class='ocr_carea' id='block_1_3' title="bbox 308 223 1737 488">
    <p class='ocr_par' dir='ltr' id='par_1_3' title="bbox 308 223 1737 488">
     <span class='ocr_line' id='line_1_3' title="bbox 309 223 1737 284; baseline 0.004 -16"><span class='ocrx_word' id='word_1_5' title='bbox 309 228 427 279; x_wconf 78' lang='grc' dir='ltr'><em>τουΐ,</em></span> <span class='ocrx_word' id='word_1_6' title='bbox 468 227 542 269; x_wconf 80' lang='grc' dir='ltr'>καὶ</span> <span class='ocrx_word' id='word_1_7' title='bbox 579 224 724 269; x_wconf 79' lang='grc' dir='ltr'><em>εἶπεν·</em></span> <span class='ocrx_word' id='word_1_8' title='bbox 769 226 864 269; x_wconf 84' lang='grc' dir='ltr'>Οὐκ</span> <span class='ocrx_word' id='word_1_9' title='bbox 906 225 1139 282; x_wconf 69' lang='grc' dir='ltr'><em>ἀφήσομέν</em></span> <span class='ocrx_word' id='word_1_10' title='bbox 1178 239 1250 283; x_wconf 81' lang='grc' dir='ltr'>σε,</span> <span class='ocrx_word' id='word_1_11' title='bbox 1293 223 1327 270; x_wconf 75' lang='grc' dir='ltr'><em>ὦ</em></span> <span class='ocrx_word' id='word_1_12' title='bbox 1361 230 1616 284; x_wconf 74' lang='grc' dir='ltr'><em>Σώκρατες’</em></span> <span class='ocrx_word' id='word_1_13' title='bbox 1651 230 1737 274; x_wconf 74' lang='grc' dir='ltr'>ἐὰν</span> 
     </span>
     <span class='ocr_line' id='line_1_4' title="bbox 309 292 1728 353; baseline 0.004 -17"><span class='ocrx_word' id='word_1_14' title='bbox 309 293 396 348; x_wconf 77' lang='grc' dir='ltr'>γὰρ</span> <span class='ocrx_word' id='word_1_15' title='bbox 428 293 484 337; x_wconf 81' lang='grc' dir='ltr'>σύ</span> <span class='ocrx_word' id='word_1_16' title='bbox 517 295 722 349; x_wconf 75' lang='grc' dir='ltr'>ἐξέλθῃς,</span> <span class='ocrx_word' id='word_1_17' title='bbox 764 293 846 349; x_wconf 84' lang='grc' dir='ltr'><em>οὐχ</em></span> <span class='ocrx_word' id='word_1_18' title='bbox 884 292 1047 348; x_wconf 79' lang='grc' dir='ltr'><em>ὁμοίως</em></span> <span class='ocrx_word' id='word_1_19' title='bbox 1085 293 1192 350; x_wconf 79' lang='grc' dir='ltr'><em>ἡμῖν</em></span> <span class='ocrx_word' id='word_1_20' title='bbox 1230 297 1408 338; x_wconf 78' lang='grc' dir='ltr'><em>ἔσονται</em></span> <span class='ocrx_word' id='word_1_21' title='bbox 1440 298 1488 338; x_wconf 82' lang='grc' dir='ltr'><em>οἱ</em></span> <span class='ocrx_word' id='word_1_22' title='bbox 1512 299 1728 353; x_wconf 80' lang='grc' dir='ltr'><em>διάλογοι.</em></span> 
     </span>
     <span class='ocr_line' id='line_1_5' title="bbox 310 356 1731 441; baseline 0.004 -38"><span class='ocrx_word' id='word_1_23' title='bbox 310 363 464 416; x_wconf 80' lang='grc' dir='ltr'><em>δέομαι</em></span> <span class='ocrx_word' id='word_1_24' title='bbox 496 356 581 403; x_wconf 76' lang='grc' dir='ltr'><em>οὖν</em></span> <span class='ocrx_word' id='word_1_25' title='bbox 612 372 696 403; x_wconf 81' lang='grc' dir='ltr'><em>σου</em></span> <span class='ocrx_word' id='word_1_26' title='bbox 726 369 998 441; x_wconf 52' lang='grc' dir='ltr'><em>παραμεῖναι</em></span> <span class='ocrx_word' id='word_1_27' title='bbox 1028 359 1156 416; x_wconf 78' lang='grc' dir='ltr'><em>ἡμῖν·</em></span> <span class='ocrx_word' id='word_1_28' title='bbox 1199 360 1256 412; x_wconf 76' lang='grc' dir='ltr'>ὠς</span> <span class='ocrx_word' id='word_1_29' title='bbox 1288 362 1374 417; x_wconf 73' lang='grc' dir='ltr'>ἐγώ</span> <span class='ocrx_word' id='word_1_30' title='bbox 1406 362 1506 406; x_wconf 83' lang='grc' dir='ltr'><em>οὐδ’</em></span> <span class='ocrx_word' id='word_1_31' title='bbox 1546 361 1604 408; x_wconf 71' lang='grc' dir='ltr'>ἂν</span> <span class='ocrx_word' id='word_1_32' title='bbox 1635 366 1731 416; x_wconf 74' lang='grc' dir='ltr'><em>ἑνὸς</em></span> 
     </span>
     <span class='ocr_line' id='line_1_6' title="bbox 308 425 1730 488; baseline 0.004 -18"><span class='ocrx_word' id='word_1_33' title='bbox 308 427 441 483; x_wconf 83' lang='grc' dir='ltr'><em>ἥδιον</em></span> <span class='ocrx_word' id='word_1_34' title='bbox 481 425 722 483; x_wconf 71' lang='grc' dir='ltr'><em>ἀκούσαιμι</em></span> <span class='ocrx_word' id='word_1_35' title='bbox 759 426 788 483; x_wconf 80' lang='grc' dir='ltr'>ὴ</span> <span class='ocrx_word' id='word_1_36' title='bbox 827 428 911 471; x_wconf 80' lang='grc' dir='ltr'><em>σοῦ</em></span> <span class='ocrx_word' id='word_1_37' title='bbox 948 444 994 470; x_wconf 83' lang='grc' dir='ltr'>τε</span> <span class='ocrx_word' id='word_1_38' title='bbox 1032 429 1106 471; x_wconf 79' lang='grc' dir='ltr'>καὶ</span> <span class='ocrx_word' id='word_1_39' title='bbox 1137 431 1446 484; x_wconf 73' lang='grc' dir='ltr'><em>Πρωταγόρου</em></span> <span class='ocrx_word' id='word_1_40' title='bbox 1477 432 1730 488; x_wconf 78' lang='grc' dir='ltr'><em>διαλεγομέ-</em></span> 
     </span>
    </p>
   </div>
   <div class='ocr_carea' id='block_1_4' title="bbox 309 493 1102 551">
    <p class='ocr_par' dir='ltr' id='par_1_4' title="bbox 309 493 1102 551">
     <span class='ocr_line' id='line_1_7' title="bbox 309 493 1102 551; baseline 0 -14"><span class='ocrx_word' id='word_1_41' title='bbox 309 510 426 537; x_wconf 80' lang='grc' dir='ltr'><em>νων·</em></span> <span class='ocrx_word' id='word_1_42' title='bbox 462 493 575 537; x_wconf 77' lang='grc' dir='ltr'><em>ἀλλὰ</em></span> <span class='ocrx_word' id='word_1_43' title='bbox 605 495 786 551; x_wconf 74' lang='grc' dir='ltr'><em>χάρισαι</em></span> <span class='ocrx_word' id='word_1_44' title='bbox 815 494 921 550; x_wconf 77' lang='grc' dir='ltr'><em>ἡμῖν</em></span> <span class='ocrx_word' id='word_1_45' title='bbox 951 499 1102 539; x_wconf 70' lang='grc' dir='ltr'><em>πᾶσιν.</em></span> 
     </span>
    </p>
   </div>
   <div class='ocr_carea' id='block_1_5' title="bbox 1164 495 1730 554">
    <p class='ocr_par' dir='ltr' id='par_1_5' title="bbox 1164 495 1730 554">
     <span class='ocr_line' id='line_1_8' title="bbox 1164 495 1730 554; baseline 0.007 -16"><span class='ocrx_word' id='word_1_46' title='bbox 1164 497 1251 538; x_wconf 83' lang='grc' dir='ltr'>Καὶ</span> <span class='ocrx_word' id='word_1_47' title='bbox 1284 496 1369 551; x_wconf 74' lang='grc' dir='ltr'>ἐγώ</span> <span class='ocrx_word' id='word_1_48' title='bbox 1403 495 1530 541; x_wconf 79' lang='grc' dir='ltr'><em>εἷπον</em></span> <span class='ocrx_word' id='word_1_49' title='bbox 1560 525 1614 530; x_wconf 88' lang='grc'>-</span> <span class='ocrx_word' id='word_1_50' title='bbox 1643 498 1730 554; x_wconf 81' lang='grc' dir='ltr'>ἤδη</span> 
     </span>
    </p>
   </div>
   <div class='ocr_carea' id='block_1_6' title="bbox 264 557 1733 755">
    <p class='ocr_par' dir='ltr' id='par_1_6' title="bbox 264 557 1733 755">
     <span class='ocr_line' id='line_1_9' title="bbox 312 557 1732 621; baseline 0.003 -17"><span class='ocrx_word' id='word_1_51' title='bbox 312 563 360 605; x_wconf 83' lang='grc' dir='ltr'>δε</span> <span class='ocrx_word' id='word_1_52' title='bbox 402 561 643 617; x_wconf 72' lang='grc' dir='ltr'><em>ἀνειστήκη</em></span> <span class='ocrx_word' id='word_1_53' title='bbox 685 561 746 611; x_wconf 72' lang='grc' dir='ltr'>(ὃς</span> <span class='ocrx_word' id='word_1_54' title='bbox 785 563 915 613; x_wconf 74' lang='grc' dir='ltr'><em>ἐξιών</em></span> <span class='ocrx_word' id='word_1_55' title='bbox 948 557 1081 605; x_wconf 64' lang='lat'>—152</span> <span class='ocrx_word' id='word_1_56' title='bbox 1119 572 1203 606; x_wconf 78' lang='grc' dir='ltr'>παῖ</span> <span class='ocrx_word' id='word_1_57' title='bbox 1229 562 1504 620; x_wconf 84' lang='grc' dir='ltr'><em>Ιππονίκου,</em></span> <span class='ocrx_word' id='word_1_58' title='bbox 1545 564 1613 607; x_wconf 74' lang='grc' dir='ltr'>ἀεὶ</span> <span class='ocrx_word' id='word_1_59' title='bbox 1650 567 1732 621; x_wconf 78' lang='grc' dir='ltr'>μὲν</span> 
     </span>
     <span class='ocr_line' id='line_1_10' title="bbox 264 629 1733 686; baseline 0.001 -13"><span class='ocrx_word' id='word_1_60' title='bbox 264 640 294 674; x_wconf 89' lang='grc' dir='ltr'><strong>Ε</strong></span> <span class='ocrx_word' id='word_1_61' title='bbox 313 631 453 683; x_wconf 77' lang='grc' dir='ltr'><em>ἔγωγέ</em></span> <span class='ocrx_word' id='word_1_62' title='bbox 481 642 564 671; x_wconf 86' lang='grc' dir='ltr'><em>σου</em></span> <span class='ocrx_word' id='word_1_63' title='bbox 595 630 678 685; x_wconf 85' lang='grc' dir='ltr'>τὴν</span> <span class='ocrx_word' id='word_1_64' title='bbox 709 630 1027 685; x_wconf 33' lang='grc' dir='ltr'><em>φιλοσοφιῃαν</em></span> <span class='ocrx_word' id='word_1_65' title='bbox 1009 629 1190 685; x_wconf 76' lang='grc' dir='ltr'><em>ρέγοιμαι,</em></span> <span class='ocrx_word' id='word_1_66' title='bbox 1224 630 1335 686; x_wconf 74' lang='grc' dir='ltr'><em>οὲτοὲρ</em></span> <span class='ocrx_word' id='word_1_67' title='bbox 1358 632 1432 674; x_wconf 76' lang='grc' dir='ltr'>καὶ</span> <span class='ocrx_word' id='word_1_68' title='bbox 1453 636 1541 675; x_wconf 84' lang='grc' dir='ltr'>νῦν</span> <span class='ocrx_word' id='word_1_69' title='bbox 1564 632 1733 675; x_wconf 79' lang='grc' dir='ltr'><em>ἐπαινῶ</em></span> 
     </span>
     <span class='ocr_line' id='line_1_11' title="bbox 311 695 1733 755; baseline 0.003 -17"><span class='ocrx_word' id='word_1_70' title='bbox 311 698 385 738; x_wconf 79' lang='grc' dir='ltr'>καὶ</span> <span class='ocrx_word' id='word_1_71' title='bbox 424 700 561 751; x_wconf 73' lang='grc' dir='ltr'><em>φιλῶ,</em></span> <span class='ocrx_word' id='word_1_72' title='bbox 599 696 710 739; x_wconf 73' lang='grc' dir='ltr'><em>ὥστε</em></span> <span class='ocrx_word' id='word_1_73' title='bbox 749 699 1000 753; x_wconf 74' lang='grc' dir='ltr'><em>βουλοίμην</em></span> <span class='ocrx_word' id='word_1_74' title='bbox 1039 695 1097 740; x_wconf 72' lang='grc' dir='ltr'>ἂν</span> <span class='ocrx_word' id='word_1_75' title='bbox 1134 702 1397 755; x_wconf 78' lang='grc' dir='ltr'><em>χαρίζεσθαί</em></span> <span class='ocrx_word' id='word_1_76' title='bbox 1429 712 1521 754; x_wconf 85' lang='grc' dir='ltr'><em>σοι,</em></span> <span class='ocrx_word' id='word_1_77' title='bbox 1571 704 1615 742; x_wconf 78' lang='grc' dir='ltr'>εἴ</span> <span class='ocrx_word' id='word_1_78' title='bbox 1646 715 1733 754; x_wconf 84' lang='grc' dir='ltr'><em>μου</em></span> 
     </span>
    </p>
   </div>
   <div class='ocr_carea' id='block_1_7' title="bbox 312 763 653 806">
    <p class='ocr_par' dir='ltr' id='par_1_7' title="bbox 312 763 653 806">
     <span class='ocr_line' id='line_1_12' title="bbox 312 763 653 806; baseline 0 0"><span class='ocrx_word' id='word_1_79' title='bbox 312 763 483 806; x_wconf 76' lang='grc' dir='ltr'><em>δυνατοὶ</em></span> <span class='ocrx_word' id='word_1_80' title='bbox 523 766 653 806; x_wconf 84' lang='grc' dir='ltr'><em>δέοιο.</em></span> 
     </span>
    </p>
   </div>
   <div class='ocr_carea' id='block_1_8' title="bbox 715 763 1734 822">
    <p class='ocr_par' dir='ltr' id='par_1_8' title="bbox 715 763 1734 822">
     <span class='ocr_line' id='line_1_13' title="bbox 715 763 1734 822; baseline 0.002 -16"><span class='ocrx_word' id='word_1_81' title='bbox 715 768 804 807; x_wconf 84' lang='grc' dir='ltr'>νῦν</span> <span class='ocrx_word' id='word_1_82' title='bbox 847 763 888 806; x_wconf 80' lang='grc' dir='ltr'>δ’</span> <span class='ocrx_word' id='word_1_83' title='bbox 937 766 1059 808; x_wconf 81' lang='grc' dir='ltr'><em>ἐστὶν</em></span> <span class='ocrx_word' id='word_1_84' title='bbox 1106 765 1256 822; x_wconf 74' lang='grc' dir='ltr'><em>ὥσπερ</em></span> <span class='ocrx_word' id='word_1_85' title='bbox 1303 767 1361 810; x_wconf 71' lang='grc' dir='ltr'>ἂν</span> <span class='ocrx_word' id='word_1_86' title='bbox 1406 769 1447 809; x_wconf 81' lang='grc' dir='ltr'>εἰ</span> <span class='ocrx_word' id='word_1_87' title='bbox 1489 767 1608 809; x_wconf 78' lang='grc' dir='ltr'><em>δέοιό</em></span> <span class='ocrx_word' id='word_1_88' title='bbox 1646 783 1734 821; x_wconf 87' lang='grc' dir='ltr'><em>μου</em></span> 
     </span>
    </p>
   </div>
   <div class='ocr_carea' id='block_1_9' title="bbox 311 831 1734 889">
    <p class='ocr_par' dir='ltr' id='par_1_9' title="bbox 311 831 1734 889">
     <span class='ocr_line' id='line_1_14' title="bbox 311 831 1734 889; baseline 0.002 -16"><span class='ocrx_word' id='word_1_89' title='bbox 311 834 513 885; x_wconf 79' lang='grc' dir='ltr'><em>Κρίσωνι</em></span> <span class='ocrx_word' id='word_1_90' title='bbox 543 834 606 888; x_wconf 74' lang='grc' dir='ltr'>τῷ</span> <span class='ocrx_word' id='word_1_91' title='bbox 638 831 837 888; x_wconf 78' lang='grc' dir='ltr'><em>Ἱμεραίςο</em></span> <span class='ocrx_word' id='word_1_92' title='bbox 869 833 1029 887; x_wconf 79' lang='grc' dir='ltr'><em>δρομεϊ</em></span> <span class='ocrx_word' id='word_1_93' title='bbox 1056 832 1294 888; x_wconf 71' lang='grc' dir='ltr'><em>ἀκμάζοντι</em></span> <span class='ocrx_word' id='word_1_94' title='bbox 1331 834 1538 888; x_wconf 76' lang='grc' dir='ltr'>ἕπεσθαι,</span> <span class='ocrx_word' id='word_1_95' title='bbox 1576 833 1605 889; x_wconf 78' lang='grc' dir='ltr'><em>ἦ</em></span> <span class='ocrx_word' id='word_1_96' title='bbox 1644 836 1734 877; x_wconf 75' lang='grc' dir='ltr'>τῶν</span> 
     </span>
    </p>
   </div>
   <div class='ocr_carea' id='block_1_10' title="bbox 425 942 1427 990">
    <p class='ocr_par' dir='ltr' id='par_1_10' title="bbox 425 942 1427 990">
     <span class='ocr_line' id='line_1_15' title="bbox 425 942 1427 990; baseline 0.002 -11"><span class='ocrx_word' id='word_1_97' title='bbox 425 949 458 980; x_wconf 90' lang='grc'><strong>6</strong></span> <span class='ocrx_word' id='word_1_98' title='bbox 491 942 748 989; x_wconf 77' lang='grc' dir='ltr'><em>οἷνειστήκη</em></span> <span class='ocrx_word' id='word_1_99' title='bbox 783 945 941 988; x_wconf 84' lang='lat' dir='ltr'>Schanz,</span> <span class='ocrx_word' id='word_1_100' title='bbox 979 946 1043 990; x_wconf 90' lang='lat' dir='ltr'>qui</span> <span class='ocrx_word' id='word_1_101' title='bbox 1074 947 1233 990; x_wconf 88' lang='lat' dir='ltr'>praefat.</span> <span class='ocrx_word' id='word_1_102' title='bbox 1259 947 1331 984; x_wconf 88' lang='lat' dir='ltr'>vol</span> <span class='ocrx_word' id='word_1_103' title='bbox 1359 947 1427 981; x_wconf 90' lang='lat' dir='ltr'>VII</span> 
     </span>
    </p>
   </div>
   <div class='ocr_carea' id='block_1_11' title="bbox 1453 949 1735 990">
    <p class='ocr_par' dir='ltr' id='par_1_11' title="bbox 1453 949 1735 990">
     <span class='ocr_line' id='line_1_16' title="bbox 1453 949 1735 990; baseline 0 -9"><span class='ocrx_word' id='word_1_104' title='bbox 1453 951 1471 989; x_wconf 68' lang='grc' dir='ltr'>ξ</span> <span class='ocrx_word' id='word_1_105' title='bbox 1502 952 1541 982; x_wconf 90' lang='grc'>13</span> <span class='ocrx_word' id='word_1_106' title='bbox 1569 949 1735 990; x_wconf 89' lang='lat' dir='ltr'>quinque</span> 
     </span>
    </p>
   </div>
   <div class='ocr_carea' id='block_1_12' title="bbox 313 989 1732 1036">
    <p class='ocr_par' dir='ltr' id='par_1_12' title="bbox 313 989 1732 1036">
     <span class='ocr_line' id='line_1_17' title="bbox 313 989 1732 1036; baseline 0.001 -13"><span class='ocrx_word' id='word_1_107' title='bbox 313 990 487 1034; x_wconf 81' lang='lat' dir='ltr'>exempla</span> <span class='ocrx_word' id='word_1_108' title='bbox 511 990 619 1023; x_wconf 86' lang='lat' dir='ltr'>huius</span> <span class='ocrx_word' id='word_1_109' title='bbox 645 989 787 1025; x_wconf 75' lang='lat' dir='ltr'>formae</span> <span class='ocrx_word' id='word_1_110' title='bbox 812 991 849 1024; x_wconf 91' lang='lat' dir='ltr'>in</span> <span class='ocrx_word' id='word_1_111' title='bbox 867 991 1033 1025; x_wconf 81' lang='lat' dir='ltr'>Platonis</span> <span class='ocrx_word' id='word_1_112' title='bbox 1050 991 1153 1025; x_wconf 86' lang='lat' dir='ltr'>libris</span> <span class='ocrx_word' id='word_1_113' title='bbox 1179 992 1365 1026; x_wconf 71' lang='lat' dir='ltr'>exstantia</span> <span class='ocrx_word' id='word_1_114' title='bbox 1383 992 1535 1036; x_wconf 74' lang='lat' dir='ltr'>collegit</span> <span class='ocrx_word' id='word_1_115' title='bbox 1555 992 1732 1035; x_wconf 82' lang='lat' dir='ltr'>(Euthyd.</span> 
     </span>
    </p>
   </div>
   <div class='ocr_carea' id='block_1_13' title="bbox 311 1035 877 1079">
    <p class='ocr_par' dir='ltr' id='par_1_13' title="bbox 311 1035 877 1079">
     <span class='ocr_line' id='line_1_18' title="bbox 311 1035 877 1079; baseline 0 -11"><span class='ocrx_word' id='word_1_116' title='bbox 311 1038 374 1068; x_wconf 81' lang='lat'>271</span> <span class='ocrx_word' id='word_1_117' title='bbox 401 1035 445 1077; x_wconf 91' lang='lat' dir='ltr'>A,</span> <span class='ocrx_word' id='word_1_118' title='bbox 482 1035 564 1078; x_wconf 83' lang='lat' dir='ltr'>Lys.</span> <span class='ocrx_word' id='word_1_119' title='bbox 590 1038 655 1068; x_wconf 85' lang='grc'>206</span> <span class='ocrx_word' id='word_1_120' title='bbox 680 1035 721 1077; x_wconf 85' lang='grc' dir='ltr'>Ε,</span> <span class='ocrx_word' id='word_1_121' title='bbox 759 1047 877 1079; x_wconf 80' lang='lat' dir='ltr'>symp.</span> 
     </span>
    </p>
   </div>
   <div class='ocr_carea' id='block_1_14' title="bbox 905 1035 1737 1082">
    <p class='ocr_par' dir='ltr' id='par_1_14' title="bbox 905 1035 1737 1082">
     <span class='ocr_line' id='line_1_19' title="bbox 905 1035 1737 1082; baseline 0 -13"><span class='ocrx_word' id='word_1_122' title='bbox 905 1039 970 1070; x_wconf 90' lang='grc'>220</span> <span class='ocrx_word' id='word_1_123' title='bbox 997 1035 1034 1078; x_wconf 84' lang='lat' dir='ltr'>C,</span> <span class='ocrx_word' id='word_1_124' title='bbox 1073 1036 1118 1070; x_wconf 86' lang='lat' dir='ltr'>de</span> <span class='ocrx_word' id='word_1_125' title='bbox 1143 1047 1220 1080; x_wconf 86' lang='lat' dir='ltr'>iep.</span> <span class='ocrx_word' id='word_1_126' title='bbox 1247 1040 1312 1070; x_wconf 86' lang='lat'>343</span> <span class='ocrx_word' id='word_1_127' title='bbox 1338 1038 1368 1070; x_wconf 96' lang='lat' dir='ltr'>A</span> <span class='ocrx_word' id='word_1_128' title='bbox 1394 1038 1432 1071; x_wconf 86' lang='lat' dir='ltr'>et</span> <span class='ocrx_word' id='word_1_129' title='bbox 1456 1041 1522 1072; x_wconf 85' lang='lat'>587</span> <span class='ocrx_word' id='word_1_130' title='bbox 1549 1037 1610 1082; x_wconf 86' lang='lat' dir='ltr'>C),</span> <span class='ocrx_word' id='word_1_131' title='bbox 1643 1047 1737 1070; x_wconf 90' lang='lat' dir='ltr'>nun-</span> 
     </span>
    </p>
   </div>
   <div class='ocr_carea' id='block_1_15' title="bbox 311 1076 1736 1172">
    <p class='ocr_par' dir='ltr' id='par_1_15' title="bbox 311 1076 1736 1172">
     <span class='ocr_line' id='line_1_20' title="bbox 312 1076 1736 1126; baseline 0.001 -13"><span class='ocrx_word' id='word_1_132' title='bbox 312 1089 424 1121; x_wconf 80' lang='lat' dir='ltr'>quam</span> <span class='ocrx_word' id='word_1_133' title='bbox 449 1079 487 1113; x_wconf 90' lang='lat' dir='ltr'>in</span> <span class='ocrx_word' id='word_1_134' title='bbox 511 1079 625 1117; x_wconf 83' lang='lat' dir='ltr'>Paris</span> <span class='ocrx_word' id='word_1_135' title='bbox 643 1080 674 1113; x_wconf 95' lang='lat' dir='ltr'>A</span> <span class='ocrx_word' id='word_1_136' title='bbox 692 1080 880 1114; x_wconf 87' lang='lat' dir='ltr'>invenitur</span> <span class='ocrx_word' id='word_1_137' title='bbox 899 1076 1049 1124; x_wconf 75' lang='grc' dir='ltr'>ἑστήκῃ,</span> <span class='ocrx_word' id='word_1_138' title='bbox 1076 1082 1135 1115; x_wconf 90' lang='lat' dir='ltr'>ter</span> <span class='ocrx_word' id='word_1_139' title='bbox 1159 1092 1196 1114; x_wconf 87' lang='lat' dir='ltr'>m</span> <span class='ocrx_word' id='word_1_140' title='bbox 1215 1080 1295 1121; x_wconf 88' lang='grc' dir='ltr'>ΒΤ,</span> <span class='ocrx_word' id='word_1_141' title='bbox 1320 1082 1363 1115; x_wconf 87' lang='lat' dir='ltr'>ut</span> <span class='ocrx_word' id='word_1_142' title='bbox 1380 1081 1455 1119; x_wconf 76' lang='grc'>11.1,</span> <span class='ocrx_word' id='word_1_143' title='bbox 1482 1078 1675 1126; x_wconf 75' lang='grc' dir='ltr'><em>α’νεστήκη</em></span> <span class='ocrx_word' id='word_1_144' title='bbox 1692 1081 1736 1125; x_wconf 90' lang='grc' dir='ltr'>Β,</span> 
     </span>
     <span class='ocr_line' id='line_1_21' title="bbox 311 1107 1736 1172; baseline 0.001 -14"><span class='ocrx_word' id='word_1_145' title='bbox 311 1121 515 1168; x_wconf 63' lang='grc' dir='ltr'>(ἐνεστήκει</span> <span class='ocrx_word' id='word_1_146' title='bbox 542 1125 583 1168; x_wconf 88' lang='lat' dir='ltr'>T,</span> <span class='ocrx_word' id='word_1_147' title='bbox 608 1124 760 1159; x_wconf 87' lang='lat' dir='ltr'>Theaet.</span> <span class='ocrx_word' id='word_1_148' title='bbox 787 1124 893 1160; x_wconf 89' lang='grc' dir='ltr'>2Ο8Ε</span> <span class='ocrx_word' id='word_1_149' title='bbox 921 1125 958 1159; x_wconf 92' lang='lat' dir='ltr'>et</span> <span class='ocrx_word' id='word_1_150' title='bbox 982 1137 1101 1170; x_wconf 79' lang='lat' dir='ltr'>symp.</span> <span class='ocrx_word' id='word_1_151' title='bbox 1119 1125 1235 1162; x_wconf 75' lang='grc'>2200</span> <span class='ocrx_word' id='word_1_152' title='bbox 1283 1125 1337 1160; x_wconf 93' lang='lat' dir='ltr'>De</span> <span class='ocrx_word' id='word_1_153' title='bbox 1362 1126 1490 1161; x_wconf 90' lang='lat' dir='ltr'>Attica</span> <span class='ocrx_word' id='word_1_154' title='bbox 1515 1107 1736 1172; x_wconf 82' lang='lat' dir='ltr'>plusquam-</span> 
     </span>
    </p>
   </div>
   <div class='ocr_carea' id='block_1_16' title="bbox 309 1211 1000 2874">
    <p class='ocr_par' dir='ltr' id='par_1_16' title="bbox 311 1211 992 2470">
     <span class='ocr_line' id='line_1_22' title="bbox 312 1211 985 1269; baseline 0 -21"><span class='ocrx_word' id='word_1_155' title='bbox 312 1211 513 1269; x_wconf 81' lang='grc' dir='ltr'><em>τριβώνιον</em></span> <span class='ocrx_word' id='word_1_156' title='bbox 530 1214 801 1260; x_wconf 81' lang='lat' dir='ltr'>interpretatur</span> <span class='ocrx_word' id='word_1_157' title='bbox 817 1211 985 1250; x_wconf 79' lang='grc' dir='ltr'><em>παλαιὸν</em></span> 
     </span>
     <span class='ocr_line' id='line_1_23' title="bbox 313 1257 983 1302; baseline 0.005 -10"><span class='ocrx_word' id='word_1_158' title='bbox 313 1257 484 1302; x_wconf 77' lang='grc' dir='ltr'><em>ἷμοὶτιον,</em></span> <span class='ocrx_word' id='word_1_159' title='bbox 534 1260 577 1294; x_wconf 89' lang='lat' dir='ltr'>cf.</span> <span class='ocrx_word' id='word_1_160' title='bbox 617 1260 729 1294; x_wconf 86' lang='lat' dir='ltr'>schol.</span> <span class='ocrx_word' id='word_1_161' title='bbox 763 1260 810 1295; x_wconf 86' lang='lat' dir='ltr'>ad</span> <span class='ocrx_word' id='word_1_162' title='bbox 841 1272 873 1295; x_wconf 87' lang='lat' dir='ltr'>v.</span> <span class='ocrx_word' id='word_1_163' title='bbox 906 1264 983 1295; x_wconf 89' lang='grc'>882.</span> 
     </span>
     <span class='ocr_line' id='line_1_24' title="bbox 311 1287 986 1351; baseline 0.005 -14"><span class='ocrx_word' id='word_1_164' title='bbox 311 1287 484 1348; x_wconf 81' lang='lat' dir='ltr'>Proprie</span> <span class='ocrx_word' id='word_1_165' title='bbox 497 1304 612 1347; x_wconf 84' lang='lat' dir='ltr'>igitur</span> <span class='ocrx_word' id='word_1_166' title='bbox 643 1307 779 1351; x_wconf 84' lang='grc' dir='ltr'><em>τρίβων</em></span> <span class='ocrx_word' id='word_1_167' title='bbox 805 1305 986 1349; x_wconf 82' lang='lat' dir='ltr'>significa-</span> 
     </span>
     <span class='ocr_line' id='line_1_25' title="bbox 313 1349 987 1400; baseline 0.003 -18"><span class='ocrx_word' id='word_1_168' title='bbox 313 1349 368 1382; x_wconf 90' lang='lat' dir='ltr'>vit</span> <span class='ocrx_word' id='word_1_169' title='bbox 392 1349 546 1392; x_wconf 87' lang='lat' dir='ltr'>pallium</span> <span class='ocrx_word' id='word_1_170' title='bbox 570 1349 683 1395; x_wconf 84' lang='lat' dir='ltr'>longo</span> <span class='ocrx_word' id='word_1_171' title='bbox 708 1362 777 1384; x_wconf 86' lang='lat' dir='ltr'>usu</span> <span class='ocrx_word' id='word_1_172' title='bbox 796 1350 987 1400; x_wconf 84' lang='lat' dir='ltr'>detritum,</span> 
     </span>
     <span class='ocr_line' id='line_1_26' title="bbox 315 1378 987 1439; baseline 0.002 -12"><span class='ocrx_word' id='word_1_173' title='bbox 315 1394 379 1428; x_wconf 88' lang='lat' dir='ltr'>sed</span> <span class='ocrx_word' id='word_1_174' title='bbox 411 1378 657 1439; x_wconf 54' lang='lat' dir='ltr'>plerumqu?</span> <span class='ocrx_word' id='word_1_175' title='bbox 663 1406 706 1429; x_wconf 89' lang='lat' dir='ltr'>eo</span> <span class='ocrx_word' id='word_1_176' title='bbox 738 1396 886 1430; x_wconf 88' lang='lat' dir='ltr'>nomine</span> <span class='ocrx_word' id='word_1_177' title='bbox 924 1406 987 1438; x_wconf 86' lang='lat' dir='ltr'>ap-</span> 
     </span>
     <span class='ocr_line' id='line_1_27' title="bbox 313 1439 988 1483; baseline 0 -10"><span class='ocrx_word' id='word_1_178' title='bbox 313 1439 492 1482; x_wconf 88' lang='lat' dir='ltr'>pellatum</span> <span class='ocrx_word' id='word_1_179' title='bbox 508 1441 563 1474; x_wconf 84' lang='lat' dir='ltr'>est</span> <span class='ocrx_word' id='word_1_180' title='bbox 576 1440 774 1474; x_wconf 84' lang='lat' dir='ltr'>amiculum</span> <span class='ocrx_word' id='word_1_181' title='bbox 794 1440 988 1483; x_wconf 83' lang='lat' dir='ltr'>aliquanto</span> 
     </span>
     <span class='ocr_line' id='line_1_28' title="bbox 315 1484 990 1528; baseline 0 -10"><span class='ocrx_word' id='word_1_182' title='bbox 315 1484 465 1518; x_wconf 86' lang='lat' dir='ltr'>brevius</span> <span class='ocrx_word' id='word_1_183' title='bbox 490 1495 601 1527; x_wconf 87' lang='lat' dir='ltr'>quam</span> <span class='ocrx_word' id='word_1_184' title='bbox 630 1484 783 1528; x_wconf 78' lang='grc' dir='ltr'><em>ἵμοὶτιον</em></span> <span class='ocrx_word' id='word_1_185' title='bbox 804 1487 842 1520; x_wconf 91' lang='lat' dir='ltr'>et</span> <span class='ocrx_word' id='word_1_186' title='bbox 859 1485 990 1520; x_wconf 83' lang='lat' dir='ltr'>crassis</span> 
     </span>
     <span class='ocr_line' id='line_1_29' title="bbox 315 1528 990 1580; baseline 0.001 -18"><span class='ocrx_word' id='word_1_187' title='bbox 315 1528 386 1562; x_wconf 84' lang='lat' dir='ltr'>filis</span> <span class='ocrx_word' id='word_1_188' title='bbox 421 1530 586 1571; x_wconf 83' lang='lat' dir='ltr'>textum,</span> <span class='ocrx_word' id='word_1_189' title='bbox 626 1530 735 1573; x_wconf 88' lang='lat' dir='ltr'>quale</span> <span class='ocrx_word' id='word_1_190' title='bbox 772 1530 990 1580; x_wconf 70' lang='lat' dir='ltr'>Doricoruni</span> 
     </span>
     <span class='ocr_line' id='line_1_30' title="bbox 317 1574 991 1625; baseline -0.001 -17"><span class='ocrx_word' id='word_1_191' title='bbox 317 1574 399 1608; x_wconf 85' lang='lat' dir='ltr'>erat</span> <span class='ocrx_word' id='word_1_192' title='bbox 422 1574 624 1625; x_wconf 82' lang='lat' dir='ltr'>proprium.</span> <span class='ocrx_word' id='word_1_193' title='bbox 669 1575 759 1609; x_wconf 90' lang='lat' dir='ltr'>Inde</span> <span class='ocrx_word' id='word_1_194' title='bbox 785 1576 831 1609; x_wconf 87' lang='lat' dir='ltr'>ab</span> <span class='ocrx_word' id='word_1_195' title='bbox 857 1575 902 1609; x_wconf 81' lang='lat' dir='ltr'>iis</span> <span class='ocrx_word' id='word_1_196' title='bbox 927 1574 991 1618; x_wconf 91' lang='lat' dir='ltr'>qui</span> 
     </span>
     <span class='ocr_line' id='line_1_31' title="bbox 317 1618 989 1662; baseline 0.002 -11"><span class='ocrx_word' id='word_1_197' title='bbox 317 1618 488 1653; x_wconf 76' lang='lat' dir='ltr'>Laconici</span> <span class='ocrx_word' id='word_1_198' title='bbox 521 1619 640 1653; x_wconf 86' lang='lat' dir='ltr'>cultus</span> <span class='ocrx_word' id='word_1_199' title='bbox 673 1620 831 1654; x_wconf 84' lang='lat' dir='ltr'>studiosi</span> <span class='ocrx_word' id='word_1_200' title='bbox 870 1621 989 1662; x_wconf 70' lang='lat' dir='ltr'>mant,</span> 
     </span>
     <span class='ocr_line' id='line_1_32' title="bbox 321 1664 990 1709; baseline 0.002 -13"><span class='ocrx_word' id='word_1_201' title='bbox 321 1664 510 1707; x_wconf 87' lang='lat' dir='ltr'>sumptum</span> <span class='ocrx_word' id='word_1_202' title='bbox 536 1666 602 1704; x_wconf 87' lang='lat' dir='ltr'>est,</span> <span class='ocrx_word' id='word_1_203' title='bbox 628 1677 661 1699; x_wconf 88' lang='lat' dir='ltr'>v.</span> <span class='ocrx_word' id='word_1_204' title='bbox 686 1665 784 1699; x_wconf 85' lang='lat' dir='ltr'>infra</span> <span class='ocrx_word' id='word_1_205' title='bbox 807 1664 990 1709; x_wconf 62' lang='grc'>1134215),</span> 
     </span>
     <span class='ocr_line' id='line_1_33' title="bbox 315 1706 992 1751; baseline 0.002 -10"><span class='ocrx_word' id='word_1_206' title='bbox 315 1707 507 1742; x_wconf 87' lang='lat' dir='ltr'>Demosth.</span> <span class='ocrx_word' id='word_1_207' title='bbox 522 1720 574 1743; x_wconf 91' lang='lat' dir='ltr'>or</span> <span class='ocrx_word' id='word_1_208' title='bbox 595 1713 649 1751; x_wconf 91' lang='lat'>54,</span> <span class='ocrx_word' id='word_1_209' title='bbox 668 1714 730 1744; x_wconf 88' lang='lat'>34:</span> <span class='ocrx_word' id='word_1_210' title='bbox 745 1706 992 1751; x_wconf 79' lang='grc' dir='ltr'><em>ἐσκυθρωπά-</em></span> 
     </span>
     <span class='ocr_line' id='line_1_34' title="bbox 316 1753 992 1797; baseline 0.001 -11"><span class='ocrx_word' id='word_1_211' title='bbox 316 1764 404 1787; x_wconf 76' lang='grc' dir='ltr'><em>κασι</em></span> <span class='ocrx_word' id='word_1_212' title='bbox 435 1754 500 1787; x_wconf 77' lang='grc' dir='ltr'>καὶ</span> <span class='ocrx_word' id='word_1_213' title='bbox 534 1756 757 1796; x_wconf 81' lang='grc' dir='ltr'><em>λακωνίζειν</em></span> <span class='ocrx_word' id='word_1_214' title='bbox 794 1754 889 1797; x_wconf 84' lang='grc' dir='ltr'><em>φασὶ</em></span> <span class='ocrx_word' id='word_1_215' title='bbox 926 1753 992 1789; x_wconf 76' lang='grc' dir='ltr'>καὶ</span> 
     </span>
     <span class='ocr_line' id='line_1_35' title="bbox 315 1796 991 1843; baseline 0.003 -11"><span class='ocrx_word' id='word_1_216' title='bbox 315 1799 501 1841; x_wconf 83' lang='grc' dir='ltr'><em>τρίβωνας</em></span> <span class='ocrx_word' id='word_1_217' title='bbox 526 1797 653 1843; x_wconf 69' lang='grc' dir='ltr'><em>ἔχουσι</em></span> <span class='ocrx_word' id='word_1_218' title='bbox 674 1804 738 1834; x_wconf 79' lang='grc' dir='ltr'>καὶ</span> <span class='ocrx_word' id='word_1_219' title='bbox 757 1797 883 1840; x_wconf 76' lang='grc' dir='ltr'><em>ἁπλᾶς</em></span> <span class='ocrx_word' id='word_1_220' title='bbox 900 1796 991 1834; x_wconf 78' lang='grc' dir='ltr'><em>ὑπο-</em></span> 
     </span>
     <span class='ocr_line' id='line_1_36' title="bbox 316 1843 991 1879; baseline 0.003 -2"><span class='ocrx_word' id='word_1_221' title='bbox 316 1843 509 1878; x_wconf 78' lang='grc' dir='ltr'><em>δέδενται.</em></span> <span class='ocrx_word' id='word_1_222' title='bbox 526 1843 667 1878; x_wconf 89' lang='lat' dir='ltr'>Eodem</span> <span class='ocrx_word' id='word_1_223' title='bbox 681 1845 926 1879; x_wconf 86' lang='lat' dir='ltr'>vestimento</span> <span class='ocrx_word' id='word_1_224' title='bbox 916 1856 991 1879; x_wconf 85' lang='lat' dir='ltr'>iam</span> 
     </span>
     <span class='ocr_line' id='line_1_37' title="bbox 316 1887 992 1940; baseline 0.005 -19"><span class='ocrx_word' id='word_1_225' title='bbox 316 1887 401 1922; x_wconf 89' lang='lat' dir='ltr'>inde</span> <span class='ocrx_word' id='word_1_226' title='bbox 428 1899 450 1922; x_wconf 88' lang='lat' dir='ltr'>a</span> <span class='ocrx_word' id='word_1_227' title='bbox 483 1888 643 1923; x_wconf 84' lang='lat' dir='ltr'>Socratis</span> <span class='ocrx_word' id='word_1_228' title='bbox 674 1890 798 1940; x_wconf 81' lang='lat' dir='ltr'>aetate</span> <span class='ocrx_word' id='word_1_229' title='bbox 830 1890 992 1933; x_wconf 89' lang='lat' dir='ltr'>philoso-</span> 
     </span>
     <span class='ocr_line' id='line_1_38' title="bbox 315 1932 991 1977; baseline 0.005 -11"><span class='ocrx_word' id='word_1_230' title='bbox 315 1932 380 1977; x_wconf 90' lang='lat' dir='ltr'>phi</span> <span class='ocrx_word' id='word_1_231' title='bbox 406 1933 558 1977; x_wconf 87' lang='lat' dir='ltr'>quidam</span> <span class='ocrx_word' id='word_1_232' title='bbox 576 1934 800 1969; x_wconf 83' lang='lat' dir='ltr'>severiorem</span> <span class='ocrx_word' id='word_1_233' title='bbox 819 1936 918 1969; x_wconf 86' lang='lat' dir='ltr'>vitae</span> <span class='ocrx_word' id='word_1_234' title='bbox 935 1945 991 1969; x_wconf 86' lang='lat' dir='ltr'>ra-</span> 
     </span>
     <span class='ocr_line' id='line_1_39' title="bbox 314 1978 989 2023; baseline 0.002 -11"><span class='ocrx_word' id='word_1_235' title='bbox 314 1978 454 2012; x_wconf 88' lang='lat' dir='ltr'>tionem</span> <span class='ocrx_word' id='word_1_236' title='bbox 480 1989 571 2022; x_wconf 88' lang='lat' dir='ltr'>prae</span> <span class='ocrx_word' id='word_1_237' title='bbox 589 1989 627 2012; x_wconf 90' lang='lat' dir='ltr'>se</span> <span class='ocrx_word' id='word_1_238' title='bbox 645 1979 806 2013; x_wconf 87' lang='lat' dir='ltr'>ferentes</span> <span class='ocrx_word' id='word_1_239' title='bbox 820 1980 907 2013; x_wconf 70' lang='lat' dir='ltr'>usiel</span> <span class='ocrx_word' id='word_1_240' title='bbox 893 1981 989 2023; x_wconf 85' lang='lat' dir='ltr'>s‚unt</span> 
     </span>
     <span class='ocr_line' id='line_1_40' title="bbox 316 2023 987 2076; baseline 0.002 -20"><span class='ocrx_word' id='word_1_241' title='bbox 316 2023 413 2057; x_wconf 88' lang='lat' dir='ltr'>unde</span> <span class='ocrx_word' id='word_1_242' title='bbox 441 2023 580 2057; x_wconf 86' lang='lat' dir='ltr'>factum</span> <span class='ocrx_word' id='word_1_243' title='bbox 609 2025 680 2067; x_wconf 86' lang='lat' dir='ltr'>est,</span> <span class='ocrx_word' id='word_1_244' title='bbox 707 2024 750 2057; x_wconf 89' lang='lat' dir='ltr'>ut</span> <span class='ocrx_word' id='word_1_245' title='bbox 773 2024 987 2076; x_wconf 85' lang='lat' dir='ltr'>posteriori-</span> 
     </span>
     <span class='ocr_line' id='line_1_41' title="bbox 315 2066 990 2113; baseline 0.001 -12"><span class='ocrx_word' id='word_1_246' title='bbox 315 2068 385 2101; x_wconf 86' lang='lat' dir='ltr'>bus</span> <span class='ocrx_word' id='word_1_247' title='bbox 415 2068 649 2111; x_wconf 79' lang='lat' dir='ltr'>temporibus</span> <span class='ocrx_word' id='word_1_248' title='bbox 685 2066 886 2111; x_wconf 84' lang='grc' dir='ltr'><em>τριβωνιον</em></span> <span class='ocrx_word' id='word_1_249' title='bbox 922 2080 990 2113; x_wconf 88' lang='lat' dir='ltr'>per</span> 
     </span>
     <span class='ocr_line' id='line_1_42' title="bbox 316 2112 989 2158; baseline 0.003 -13"><span class='ocrx_word' id='word_1_250' title='bbox 316 2112 572 2154; x_wconf 79' lang='lat' dir='ltr'>synecdochen</span> <span class='ocrx_word' id='word_1_251' title='bbox 592 2113 878 2157; x_wconf 85' lang='lat' dir='ltr'>philosophum</span> <span class='ocrx_word' id='word_1_252' title='bbox 868 2125 989 2158; x_wconf 84' lang='lat' dir='ltr'>ipsum</span> 
     </span>
     <span class='ocr_line' id='line_1_43' title="bbox 316 2157 989 2201; baseline 0.002 -10"><span class='ocrx_word' id='word_1_253' title='bbox 316 2157 559 2201; x_wconf 85' lang='lat' dir='ltr'>significaret,</span> <span class='ocrx_word' id='word_1_254' title='bbox 588 2158 705 2192; x_wconf 84' lang='lat' dir='ltr'>veluti</span> <span class='ocrx_word' id='word_1_255' title='bbox 732 2159 910 2195; x_wconf 83' lang='lat' dir='ltr'>Themist.</span> <span class='ocrx_word' id='word_1_256' title='bbox 937 2169 989 2193; x_wconf 85' lang='lat' dir='ltr'>or.</span> 
     </span>
     <span class='ocr_line' id='line_1_44' title="bbox 316 2200 988 2257; baseline 0.004 -22"><span class='ocrx_word' id='word_1_257' title='bbox 316 2206 371 2236; x_wconf 87' lang='grc'>23.</span> <span class='ocrx_word' id='word_1_258' title='bbox 397 2213 432 2245; x_wconf 88' lang='lat' dir='ltr'>p.</span> <span class='ocrx_word' id='word_1_259' title='bbox 459 2206 523 2236; x_wconf 83' lang='lat'>299</span> <span class='ocrx_word' id='word_1_260' title='bbox 548 2204 599 2236; x_wconf 80' lang='lat' dir='ltr'>A:</span> <span class='ocrx_word' id='word_1_261' title='bbox 638 2200 692 2255; x_wconf 78' lang='grc' dir='ltr'>(ἐν</span> <span class='ocrx_word' id='word_1_262' title='bbox 732 2204 906 2249; x_wconf 77' lang='grc' dir='ltr'><em>Γαλατίᾳ</em></span> <span class='ocrx_word' id='word_1_263' title='bbox 936 2205 988 2257; x_wconf 83' lang='grc' dir='ltr'>τῇ</span> 
     </span>
     <span class='ocr_line' id='line_1_45' title="bbox 309 2244 991 2299; baseline 0.001 -19.016"><span class='ocrx_word' id='word_1_264' title='bbox 309 2246 520 2299; x_wconf 84' lang='grc' dir='ltr'><em>Ελληνίδι)</em></span> <span class='ocrx_word' id='word_1_265' title='bbox 564 2246 601 2281; x_wconf 82' lang='grc' dir='ltr'><em>οἵ</em></span> <span class='ocrx_word' id='word_1_266' title='bbox 641 2244 780 2292; x_wconf 69' lang='grc' dir='ltr'><em>ἄνδρες</em></span> <span class='ocrx_word' id='word_1_267' title='bbox 818 2249 896 2283; x_wconf 80' lang='grc' dir='ltr'><em>ἰστε</em></span> <span class='ocrx_word' id='word_1_268' title='bbox 933 2244 991 2283; x_wconf 82' lang='grc' dir='ltr'>ότι</span> 
     </span>
     <span class='ocr_line' id='line_1_46' title="bbox 318 2289 990 2347; baseline 0.002 -21"><span class='ocrx_word' id='word_1_269' title='bbox 318 2289 420 2334; x_wconf 74' lang='grc' dir='ltr'><em>ὀξεῖς</em></span> <span class='ocrx_word' id='word_1_270' title='bbox 445 2292 510 2326; x_wconf 75' lang='grc' dir='ltr'>καὶ</span> <span class='ocrx_word' id='word_1_271' title='bbox 538 2289 718 2347; x_wconf 68' lang='grc' dir='ltr'><em>ἀγχίνοι</em></span> <span class='ocrx_word' id='word_1_272' title='bbox 737 2293 828 2330; x_wconf 78' lang='grc' dir='ltr'>καὶ</span> <span class='ocrx_word' id='word_1_273' title='bbox 860 2295 990 2338; x_wconf 84' lang='grc' dir='ltr'><em>τριβω-</em></span> 
     </span>
     <span class='ocr_line' id='line_1_47' title="bbox 316 2335 987 2392; baseline 0.003 -22"><span class='ocrx_word' id='word_1_274' title='bbox 316 2339 404 2371; x_wconf 77' lang='lat' dir='ltr'>vtov</span> <span class='ocrx_word' id='word_1_275' title='bbox 407 2336 717 2390; x_wconf 64' lang='grc' dir='ltr'>παρᾱφᾱνὲνῖος</span> <span class='ocrx_word' id='word_1_276' title='bbox 735 2335 987 2392; x_wconf 68' lang='grc' dir='ltr'><em>ἐκκρέμᾱνΐαι</em></span> 
     </span>
     <span class='ocr_line' id='line_1_48' title="bbox 319 2378 996 2460; baseline 0.002 -44"><span class='ocrx_word' id='word_1_277' title='bbox 319 2378 451 2460; x_wconf 73' lang='grc' dir='ltr'><em>εδύθνς</em></span> <span class='ocrx_word' id='word_1_278' title='bbox 473 2393 595 2425; x_wconf 77' lang='grc' dir='ltr'><em>ωσπερ</em></span> <span class='ocrx_word' id='word_1_279' title='bbox 627 2396 693 2426; x_wconf 81' lang='grc' dir='ltr'>της</span> <span class='ocrx_word' id='word_1_280' title='bbox 729 2384 846 2417; x_wconf 80' lang='grc' dir='ltr'><em>λίθου</em></span> <span class='ocrx_word' id='word_1_281' title='bbox 871 2381 917 2417; x_wconf 76' lang='grc' dir='ltr'>τὰ</span> <span class='ocrx_word' id='word_1_282' title='bbox 944 2394 996 2417; x_wconf 90' lang='grc' dir='ltr'>σι-</span> 
     </span>
     <span class='ocr_line' id='line_1_49' title="bbox 351 2439 446 2480; baseline -0.011 -10"><span class='ocrx_word' id='word_1_283' title='bbox 351 2439 446 2480; x_wconf 62' lang='lat' dir='ltr'>nota,</span> 
     </span>
    </p>

    <p class='ocr_par' dir='ltr' id='par_1_17' title="bbox 318 2468 1000 2874">
     <span class='ocr_line' id='line_1_50' title="bbox 364 2468 996 2522; baseline 0.002 -17"><span class='ocrx_word' id='word_1_284' title='bbox 364 2475 395 2507; x_wconf 87' lang='grc'><strong>6</strong></span> <span class='ocrx_word' id='word_1_285' title='bbox 423 2468 496 2506; x_wconf 70' lang='grc' dir='ltr'>ἀει</span> <span class='ocrx_word' id='word_1_286' title='bbox 522 2469 604 2516; x_wconf 77' lang='grc' dir='ltr'>μὲν</span> <span class='ocrx_word' id='word_1_287' title='bbox 631 2471 996 2522; x_wconf 71' lang='grc' dir='ltr'>ἓγωγε]861111161’</span> 
     </span>
     <span class='ocr_line' id='line_1_51' title="bbox 320 2516 995 2566; baseline 0.003 -17"><span class='ocrx_word' id='word_1_288' title='bbox 320 2517 498 2560; x_wconf 84' lang='lat' dir='ltr'>egomet</span> <span class='ocrx_word' id='word_1_289' title='bbox 550 2517 672 2550; x_wconf 88' lang='lat' dir='ltr'>tuum</span> <span class='ocrx_word' id='word_1_290' title='bbox 734 2516 995 2566; x_wconf 82' lang='lat' dir='ltr'>sapientiae</span> 
     </span>
     <span class='ocr_line' id='line_1_52' title="bbox 320 2562 996 2605; baseline 0.003 -11"><span class='ocrx_word' id='word_1_291' title='bbox 320 2571 515 2595; x_wconf 85' lang='lat' dir='ltr'>amorem</span> <span class='ocrx_word' id='word_1_292' title='bbox 565 2562 692 2596; x_wconf 89' lang='lat' dir='ltr'>soleo</span> <span class='ocrx_word' id='word_1_293' title='bbox 739 2572 888 2605; x_wconf 83' lang='lat' dir='ltr'>magni</span> <span class='ocrx_word' id='word_1_294' title='bbox 929 2562 996 2596; x_wconf 87' lang='lat' dir='ltr'>fa-</span> 
     </span>
     <span class='ocr_line' id='line_1_53' title="bbox 320 2607 995 2649; baseline 0.001 -10"><span class='ocrx_word' id='word_1_295' title='bbox 320 2616 421 2640; x_wconf 87' lang='lat' dir='ltr'>cere</span> <span class='ocrx_word' id='word_1_296' title='bbox 448 2608 585 2649; x_wconf 87' lang='lat' dir='ltr'>atque</span> <span class='ocrx_word' id='word_1_297' title='bbox 612 2607 749 2640; x_wconf 88' lang='lat' dir='ltr'>etiam</span> <span class='ocrx_word' id='word_1_298' title='bbox 767 2617 882 2640; x_wconf 89' lang='lat' dir='ltr'>nunc</span> <span class='ocrx_word' id='word_1_299' title='bbox 900 2617 995 2640; x_wconf 89' lang='lat' dir='ltr'>eum</span> 
     </span>
     <span class='ocr_line' id='line_1_54' title="bbox 318 2650 997 2704; baseline 0.003 -21"><span class='ocrx_word' id='word_1_300' title='bbox 318 2650 455 2684; x_wconf 90' lang='lat' dir='ltr'>laudo</span> <span class='ocrx_word' id='word_1_301' title='bbox 482 2653 526 2685; x_wconf 88' lang='lat' dir='ltr'>et</span> <span class='ocrx_word' id='word_1_302' title='bbox 551 2662 657 2685; x_wconf 88' lang='lat' dir='ltr'>amo</span> <span class='ocrx_word' id='word_1_303' title='bbox 699 2652 739 2685; x_wconf 92' lang='lat' dir='ltr'>In</span> <span class='ocrx_word' id='word_1_304' title='bbox 764 2651 820 2685; x_wconf 85' lang='lat' dir='ltr'>his</span> <span class='ocrx_word' id='word_1_305' title='bbox 841 2662 997 2704; x_wconf 88' lang='lat' dir='ltr'>respon—</span> 
     </span>
     <span class='ocr_line' id='line_1_55' title="bbox 320 2693 994 2740; baseline 0.003 -12"><span class='ocrx_word' id='word_1_306' title='bbox 320 2694 386 2728; x_wconf 85' lang='lat' dir='ltr'>det</span> <span class='ocrx_word' id='word_1_307' title='bbox 403 2696 465 2729; x_wconf 84' lang='grc' dir='ltr'>καὶ</span> <span class='ocrx_word' id='word_1_308' title='bbox 485 2695 555 2730; x_wconf 77' lang='grc' dir='ltr'>νῦν</span> <span class='ocrx_word' id='word_1_309' title='bbox 573 2695 811 2739; x_wconf 85' lang='lat' dir='ltr'>praecedenti</span> <span class='ocrx_word' id='word_1_310' title='bbox 830 2693 890 2730; x_wconf 77' lang='grc' dir='ltr'>ἀεὶ</span> <span class='ocrx_word' id='word_1_311' title='bbox 913 2697 994 2740; x_wconf 79' lang='grc' dir='ltr'><em>μέν.</em></span> 
     </span>
     <span class='ocr_line' id='line_1_56' title="bbox 319 2739 995 2776; baseline 0.002 -3"><span class='ocrx_word' id='word_1_312' title='bbox 319 2739 456 2773; x_wconf 88' lang='lat' dir='ltr'>Iisdem</span> <span class='ocrx_word' id='word_1_313' title='bbox 475 2739 551 2774; x_wconf 84' lang='lat' dir='ltr'>fere</span> <span class='ocrx_word' id='word_1_314' title='bbox 570 2741 692 2775; x_wconf 88' lang='lat' dir='ltr'>verbis</span> <span class='ocrx_word' id='word_1_315' title='bbox 710 2740 879 2776; x_wconf 81' lang='lat' dir='ltr'>Socrates</span> <span class='ocrx_word' id='word_1_316' title='bbox 905 2752 995 2775; x_wconf 89' lang='lat' dir='ltr'>eun—</span> 
     </span>
     <span class='ocr_line' id='line_1_57' title="bbox 320 2784 995 2843; baseline 0.002 -25"><span class='ocrx_word' id='word_1_317' title='bbox 320 2784 403 2818; x_wconf 87' lang='lat' dir='ltr'>dem</span> <span class='ocrx_word' id='word_1_318' title='bbox 430 2784 583 2819; x_wconf 88' lang='lat' dir='ltr'>Calliam</span> <span class='ocrx_word' id='word_1_319' title='bbox 608 2796 665 2830; x_wconf 73' lang='lat' dir='ltr'>ap.</span> <span class='ocrx_word' id='word_1_320' title='bbox 692 2785 859 2839; x_wconf 86' lang='lat' dir='ltr'>Xenoph.</span> <span class='ocrx_word' id='word_1_321' title='bbox 878 2797 995 2843; x_wconf 82' lang='lat' dir='ltr'>symp</span> 
     </span>
     <span class='ocr_line' id='line_1_58' title="bbox 320 2828 1000 2874; baseline 0.006 -12"><span class='ocrx_word' id='word_1_322' title='bbox 320 2828 409 2863; x_wconf 90' lang='lat' dir='ltr'><strong>VIII</strong></span> <span class='ocrx_word' id='word_1_323' title='bbox 441 2833 461 2863; x_wconf 85' lang='lat'>8</span> <span class='ocrx_word' id='word_1_324' title='bbox 500 2830 682 2865; x_wconf 86' lang='lat' dir='ltr'>allocutus</span> <span class='ocrx_word' id='word_1_325' title='bbox 719 2831 792 2866; x_wconf 80' lang='lat' dir='ltr'>est:</span> <span class='ocrx_word' id='word_1_326' title='bbox 830 2829 891 2865; x_wconf 77' lang='grc' dir='ltr'>ἀεὶ</span> <span class='ocrx_word' id='word_1_327' title='bbox 928 2831 1000 2874; x_wconf 73' lang='grc' dir='ltr'>μὲν</span> 
     </span>
    </p>
   </div>
   <div class='ocr_carea' id='block_1_17' title="bbox 1056 1207 1737 1350">
    <p class='ocr_par' dir='ltr' id='par_1_18' title="bbox 1056 1207 1737 1350">
     <span class='ocr_line' id='line_1_59' title="bbox 1056 1207 1737 1272; baseline 0.002 -23"><span class='ocrx_word' id='word_1_328' title='bbox 1056 1207 1123 1250; x_wconf 75' lang='grc' dir='ltr'><em>οὖν</em></span> <span class='ocrx_word' id='word_1_329' title='bbox 1149 1214 1265 1260; x_wconf 74' lang='grc' dir='ltr'><em>ἔγωγε</em></span> <span class='ocrx_word' id='word_1_330' title='bbox 1290 1213 1443 1272; x_wconf 75' lang='grc' dir='ltr'><em>ἠγάμην</em></span> <span class='ocrx_word' id='word_1_331' title='bbox 1470 1215 1548 1269; x_wconf 86' lang='grc' dir='ltr'>τὴν</span> <span class='ocrx_word' id='word_1_332' title='bbox 1566 1213 1637 1260; x_wconf 87' lang='grc' dir='ltr'>σὴν</span> <span class='ocrx_word' id='word_1_333' title='bbox 1664 1229 1737 1258; x_wconf 80' lang='grc' dir='ltr'>φυ-</span> 
     </span>
     <span class='ocr_line' id='line_1_60' title="bbox 1057 1257 1737 1316; baseline 0 -22"><span class='ocrx_word' id='word_1_334' title='bbox 1057 1272 1136 1316; x_wconf 81' lang='grc' dir='ltr'>σιν,</span> <span class='ocrx_word' id='word_1_335' title='bbox 1184 1261 1255 1295; x_wconf 85' lang='grc' dir='ltr'>νῦν</span> <span class='ocrx_word' id='word_1_336' title='bbox 1283 1260 1326 1296; x_wconf 75' lang='grc' dir='ltr'>’δε</span> <span class='ocrx_word' id='word_1_337' title='bbox 1358 1262 1424 1296; x_wconf 80' lang='grc' dir='ltr'>καὶ</span> <span class='ocrx_word' id='word_1_338' title='bbox 1455 1257 1552 1296; x_wconf 81' lang='grc' dir='ltr'><em>πολυ</em></span> <span class='ocrx_word' id='word_1_339' title='bbox 1580 1263 1737 1305; x_wconf 81' lang='grc' dir='ltr'><em>μᾶλλον,</em></span> 
     </span>
     <span class='ocr_line' id='line_1_61' title="bbox 1058 1302 1408 1350; baseline 0.003 -11"><span class='ocrx_word' id='word_1_340' title='bbox 1058 1302 1139 1340; x_wconf 78' lang='grc' dir='ltr'><em>ἐπεὶ</em></span> <span class='ocrx_word' id='word_1_341' title='bbox 1167 1303 1241 1350; x_wconf 80' lang='grc' dir='ltr'>ὁρῶ</span> <span class='ocrx_word' id='word_1_342' title='bbox 1267 1317 1306 1340; x_wconf 82' lang='grc' dir='ltr'>σε</span> <span class='ocrx_word' id='word_1_343' title='bbox 1333 1303 1408 1340; x_wconf 72' lang='grc' dir='ltr'>κτὲ.</span> 
     </span>
    </p>
   </div>
   <div class='ocr_carea' id='block_1_18' title="bbox 1060 1364 1741 2076">
    <p class='ocr_par' dir='ltr' id='par_1_19' title="bbox 1060 1364 1741 2076">
     <span class='ocr_line' id='line_1_62' title="bbox 1104 1364 1737 1413; baseline -0.002 -11"><span class='ocrx_word' id='word_1_344' title='bbox 1104 1372 1134 1405; x_wconf 84' lang='grc'>9</span> <span class='ocrx_word' id='word_1_345' title='bbox 1161 1365 1291 1403; x_wconf 71' lang='grc' dir='ltr'><em>ἐστὶν</em></span> <span class='ocrx_word' id='word_1_346' title='bbox 1317 1364 1477 1413; x_wconf 75' lang='grc' dir='ltr'><em>ὥσπερ]</em></span> <span class='ocrx_word' id='word_1_347' title='bbox 1505 1367 1561 1401; x_wconf 84' lang='lat' dir='ltr'>De</span> <span class='ocrx_word' id='word_1_348' title='bbox 1587 1368 1657 1401; x_wconf 88' lang='lat' dir='ltr'>hac</span> <span class='ocrx_word' id='word_1_349' title='bbox 1683 1367 1737 1401; x_wconf 93' lang='lat' dir='ltr'>lo</span> 
     </span>
     <span class='ocr_line' id='line_1_63' title="bbox 1060 1412 1737 1457; baseline 0 -11"><span class='ocrx_word' id='word_1_350' title='bbox 1060 1414 1199 1456; x_wconf 86' lang='lat' dir='ltr'>quendi</span> <span class='ocrx_word' id='word_1_351' title='bbox 1230 1413 1406 1454; x_wconf 85' lang='lat' dir='ltr'>formula,</span> <span class='ocrx_word' id='word_1_352' title='bbox 1446 1423 1557 1457; x_wconf 79' lang='lat' dir='ltr'>quam</span> <span class='ocrx_word' id='word_1_353' title='bbox 1594 1413 1631 1447; x_wconf 92' lang='lat' dir='ltr'>in</span> <span class='ocrx_word' id='word_1_354' title='bbox 1666 1412 1737 1446; x_wconf 76' lang='lat' dir='ltr'>alio</span> 
     </span>
     <span class='ocr_line' id='line_1_64' title="bbox 1060 1458 1732 1509; baseline -0.003 -17"><span class='ocrx_word' id='word_1_355' title='bbox 1060 1458 1156 1493; x_wconf 82' lang='lat' dir='ltr'>libro</span> <span class='ocrx_word' id='word_1_356' title='bbox 1193 1458 1359 1509; x_wconf 78' lang='lat' dir='ltr'>Platonis</span> <span class='ocrx_word' id='word_1_357' title='bbox 1400 1469 1459 1492; x_wconf 89' lang='lat' dir='ltr'>me</span> <span class='ocrx_word' id='word_1_358' title='bbox 1496 1459 1622 1501; x_wconf 83' lang='lat' dir='ltr'>legere</span> <span class='ocrx_word' id='word_1_359' title='bbox 1659 1468 1732 1491; x_wconf 86' lang='lat' dir='ltr'>non</span> 
     </span>
     <span class='ocr_line' id='line_1_65' title="bbox 1060 1502 1741 1546; baseline -0.004 -8"><span class='ocrx_word' id='word_1_360' title='bbox 1060 1503 1224 1545; x_wconf 87' lang='lat' dir='ltr'>memini,</span> <span class='ocrx_word' id='word_1_361' title='bbox 1250 1504 1293 1538; x_wconf 93' lang='lat' dir='ltr'>cf</span> <span class='ocrx_word' id='word_1_362' title='bbox 1312 1514 1348 1546; x_wconf 87' lang='lat' dir='ltr'>p.</span> <span class='ocrx_word' id='word_1_363' title='bbox 1369 1502 1489 1545; x_wconf 85' lang='grc' dir='ltr'>327Ε,</span> <span class='ocrx_word' id='word_1_364' title='bbox 1516 1503 1554 1536; x_wconf 85' lang='lat' dir='ltr'>et</span> <span class='ocrx_word' id='word_1_365' title='bbox 1578 1502 1656 1537; x_wconf 85' lang='lat' dir='ltr'>veri</span> <span class='ocrx_word' id='word_1_366' title='bbox 1683 1502 1741 1535; x_wconf 86' lang='lat' dir='ltr'>est</span> 
     </span>
     <span class='ocr_line' id='line_1_66' title="bbox 1061 1529 1739 1603; baseline -0.003 -21"><span class='ocrx_word' id='word_1_367' title='bbox 1061 1548 1180 1582; x_wconf 82' lang='lat' dir='ltr'>simile</span> <span class='ocrx_word' id='word_1_368' title='bbox 1194 1529 1254 1582; x_wconf 74' lang='lat' dir='ltr'>hic</span> <span class='ocrx_word' id='word_1_369' title='bbox 1267 1558 1417 1603; x_wconf 88' lang='lat' dir='ltr'>quoque</span> <span class='ocrx_word' id='word_1_370' title='bbox 1432 1548 1611 1592; x_wconf 81' lang='lat' dir='ltr'>scriptum</span> <span class='ocrx_word' id='word_1_371' title='bbox 1626 1547 1739 1581; x_wconf 84' lang='lat' dir='ltr'>fuisse</span> 
     </span>
     <span class='ocr_line' id='line_1_67' title="bbox 1061 1590 1738 1636; baseline -0.003 -9"><span class='ocrx_word' id='word_1_372' title='bbox 1061 1595 1132 1628; x_wconf 79' lang='grc' dir='ltr'>νῦν</span> <span class='ocrx_word' id='word_1_373' title='bbox 1158 1593 1199 1628; x_wconf 76' lang='grc' dir='ltr'>δε</span> <span class='ocrx_word' id='word_1_374' title='bbox 1227 1590 1317 1628; x_wconf 74' lang='grc' dir='ltr'><strong><em>ἔσθ’</em></strong></span> <span class='ocrx_word' id='word_1_375' title='bbox 1342 1591 1466 1636; x_wconf 80' lang='grc' dir='ltr'><em>ὥσπερ</em></span> <span class='ocrx_word' id='word_1_376' title='bbox 1516 1592 1639 1626; x_wconf 86' lang='lat' dir='ltr'>Etiam</span> <span class='ocrx_word' id='word_1_377' title='bbox 1659 1602 1738 1626; x_wconf 88' lang='lat' dir='ltr'>ora-</span> 
     </span>
     <span class='ocr_line' id='line_1_68' title="bbox 1060 1607 1735 1680; baseline -0.003 -8"><span class='ocrx_word' id='word_1_378' title='bbox 1060 1638 1172 1672; x_wconf 88' lang='lat' dir='ltr'>tionis</span> <span class='ocrx_word' id='word_1_379' title='bbox 1197 1638 1442 1672; x_wconf 84' lang='lat' dir='ltr'>conformatio</span> <span class='ocrx_word' id='word_1_380' title='bbox 1448 1607 1627 1680; x_wconf 61' lang='lat' dir='ltr'>Qutroque</span> <span class='ocrx_word' id='word_1_381' title='bbox 1654 1636 1735 1670; x_wconf 85' lang='lat' dir='ltr'>loco</span> 
     </span>
     <span class='ocr_line' id='line_1_69' title="bbox 1063 1676 1737 1726; baseline -0.003 -8"><span class='ocrx_word' id='word_1_382' title='bbox 1063 1684 1120 1718; x_wconf 87' lang='lat' dir='ltr'>cst</span> <span class='ocrx_word' id='word_1_383' title='bbox 1157 1682 1358 1717; x_wconf 84' lang='lat' dir='ltr'>simillima.</span> <span class='ocrx_word' id='word_1_384' title='bbox 1413 1682 1470 1716; x_wconf 82' lang='lat' dir='ltr'>Ad</span> <span class='ocrx_word' id='word_1_385' title='bbox 1508 1683 1650 1726; x_wconf 81' lang='grc' dir='ltr'><em>εἴποιμι</em></span> <span class='ocrx_word' id='word_1_386' title='bbox 1689 1676 1737 1715; x_wconf 68' lang='grc' dir='ltr'>ἂν</span> 
     </span>
     <span class='ocr_line' id='line_1_70' title="bbox 1063 1725 1740 1772; baseline -0.001 -10"><span class='ocrx_word' id='word_1_387' title='bbox 1063 1727 1289 1772; x_wconf 83' lang='lat' dir='ltr'>cogitatione</span> <span class='ocrx_word' id='word_1_388' title='bbox 1326 1727 1571 1771; x_wconf 86' lang='lat' dir='ltr'>repetendum</span> <span class='ocrx_word' id='word_1_389' title='bbox 1609 1727 1666 1761; x_wconf 87' lang='lat' dir='ltr'>est</span> <span class='ocrx_word' id='word_1_390' title='bbox 1691 1725 1740 1762; x_wconf 81' lang='grc' dir='ltr'>εἰ</span> 
     </span>
     <span class='ocr_line' id='line_1_71' title="bbox 1064 1772 1739 1816; baseline -0.003 -9"><span class='ocrx_word' id='word_1_391' title='bbox 1064 1773 1180 1812; x_wconf 79' lang='grc' dir='ltr'><em>δέοιο</em></span> <span class='ocrx_word' id='word_1_392' title='bbox 1206 1773 1249 1807; x_wconf 90' lang='lat' dir='ltr'>ut</span> <span class='ocrx_word' id='word_1_393' title='bbox 1266 1774 1421 1807; x_wconf 84' lang='lat' dir='ltr'>verbum</span> <span class='ocrx_word' id='word_1_394' title='bbox 1441 1774 1482 1816; x_wconf 80' lang='grc' dir='ltr'>ζη</span> <span class='ocrx_word' id='word_1_395' title='bbox 1487 1776 1565 1812; x_wconf 85' lang='grc' dir='ltr'>τοῖς</span> <span class='ocrx_word' id='word_1_396' title='bbox 1582 1783 1617 1816; x_wconf 89' lang='lat' dir='ltr'>p.</span> <span class='ocrx_word' id='word_1_397' title='bbox 1632 1772 1739 1806; x_wconf 86' lang='grc' dir='ltr'>328Α</span> 
     </span>
     <span class='ocr_line' id='line_1_72' title="bbox 1064 1817 1738 1862; baseline -0.002 -10"><span class='ocrx_word' id='word_1_398' title='bbox 1064 1818 1174 1852; x_wconf 87' lang='lat' dir='ltr'>alteri</span> <span class='ocrx_word' id='word_1_399' title='bbox 1199 1818 1353 1862; x_wconf 85' lang='lat' dir='ltr'>apodosi</span> <span class='ocrx_word' id='word_1_400' title='bbox 1372 1817 1541 1851; x_wconf 87' lang='lat' dir='ltr'>additum</span> <span class='ocrx_word' id='word_1_401' title='bbox 1560 1819 1625 1852; x_wconf 85' lang='lat' dir='ltr'>est.</span> <span class='ocrx_word' id='word_1_402' title='bbox 1666 1817 1738 1851; x_wconf 81' lang='lat' dir='ltr'>Re-</span> 
     </span>
     <span class='ocr_line' id='line_1_73' title="bbox 1060 1861 1738 1919; baseline -0.003 -22"><span class='ocrx_word' id='word_1_403' title='bbox 1060 1863 1205 1919; x_wconf 79' lang='lat' dir='ltr'>petivit</span> <span class='ocrx_word' id='word_1_404' title='bbox 1213 1863 1338 1897; x_wconf 86' lang='lat' dir='ltr'>autem</span> <span class='ocrx_word' id='word_1_405' title='bbox 1352 1862 1458 1896; x_wconf 84' lang='lat' dir='ltr'>Plato</span> <span class='ocrx_word' id='word_1_406' title='bbox 1478 1862 1609 1896; x_wconf 88' lang='lat' dir='ltr'>eodem</span> <span class='ocrx_word' id='word_1_407' title='bbox 1627 1861 1738 1895; x_wconf 88' lang='lat' dir='ltr'>modo</span> 
     </span>
     <span class='ocr_line' id='line_1_74' title="bbox 1062 1906 1740 1950; baseline -0.006 -7"><span class='ocrx_word' id='word_1_408' title='bbox 1062 1921 1208 1943; x_wconf 81' lang='grc' dir='ltr'><em>επαινω</em></span> <span class='ocrx_word' id='word_1_409' title='bbox 1245 1908 1311 1941; x_wconf 73' lang='grc' dir='ltr'>καὶ</span> <span class='ocrx_word' id='word_1_410' title='bbox 1343 1908 1441 1950; x_wconf 82' lang='grc' dir='ltr'><em>φιλῶ</em></span> <span class='ocrx_word' id='word_1_411' title='bbox 1468 1917 1563 1949; x_wconf 83' lang='lat' dir='ltr'>quae</span> <span class='ocrx_word' id='word_1_412' title='bbox 1588 1906 1648 1940; x_wconf 85' lang='lat' dir='ltr'>hic</span> <span class='ocrx_word' id='word_1_413' title='bbox 1673 1906 1740 1940; x_wconf 84' lang='lat' dir='ltr'>ha-</span> 
     </span>
     <span class='ocr_line' id='line_1_75' title="bbox 1060 1951 1738 2004; baseline -0.003 -18"><span class='ocrx_word' id='word_1_414' title='bbox 1060 1953 1208 1995; x_wconf 84' lang='lat' dir='ltr'>bentur,</span> <span class='ocrx_word' id='word_1_415' title='bbox 1211 1964 1271 2004; x_wconf 92' lang='lat' dir='ltr'>p</span> <span class='ocrx_word' id='word_1_416' title='bbox 1292 1955 1357 1986; x_wconf 88' lang='lat'>345</span> <span class='ocrx_word' id='word_1_417' title='bbox 1376 1951 1405 1985; x_wconf 96' lang='lat' dir='ltr'>D</span> <span class='ocrx_word' id='word_1_418' title='bbox 1433 1951 1470 1985; x_wconf 86' lang='lat' dir='ltr'>et</span> <span class='ocrx_word' id='word_1_419' title='bbox 1495 1954 1559 1985; x_wconf 80' lang='grc'>346</span> <span class='ocrx_word' id='word_1_420' title='bbox 1576 1951 1605 1984; x_wconf 94' lang='grc' dir='ltr'>Ε</span> <span class='ocrx_word' id='word_1_421' title='bbox 1631 1951 1738 1985; x_wconf 89' lang='lat' dir='ltr'>item-</span> 
     </span>
     <span class='ocr_line' id='line_1_76' title="bbox 1061 1993 1738 2076; baseline -0.001 -46"><span class='ocrx_word' id='word_1_422' title='bbox 1061 2008 1133 2040; x_wconf 89' lang='lat' dir='ltr'>que</span> <span class='ocrx_word' id='word_1_423' title='bbox 1164 1993 1319 2076; x_wconf 59' lang='grc' dir='ltr'><em>πάέτων</em></span> <span class='ocrx_word' id='word_1_424' title='bbox 1351 1993 1517 2040; x_wconf 70' lang='grc' dir='ltr'><em>μάλιστα</em></span> <span class='ocrx_word' id='word_1_425' title='bbox 1547 2007 1584 2040; x_wconf 87' lang='lat' dir='ltr'>p.</span> <span class='ocrx_word' id='word_1_426' title='bbox 1617 2000 1682 2031; x_wconf 79' lang='lat'>330</span> <span class='ocrx_word' id='word_1_427' title='bbox 1707 1996 1738 2029; x_wconf 91' lang='lat' dir='ltr'>A</span> 
     </span>
     <span class='ocr_line' id='line_1_77' title="bbox 1060 2043 1186 2076; baseline -0.008 0"><span class='ocrx_word' id='word_1_428' title='bbox 1060 2043 1098 2076; x_wconf 87' lang='lat' dir='ltr'>et</span> <span class='ocrx_word' id='word_1_429' title='bbox 1123 2046 1186 2076; x_wconf 89' lang='lat'>331</span> 
     </span>
    </p>
   </div>
   <div class='ocr_carea' id='block_1_19' title="bbox 1060 2101 1744 2729">
    <p class='ocr_par' dir='ltr' id='par_1_20' title="bbox 1060 2101 1743 2729">
     <span class='ocr_line' id='line_1_78' title="bbox 1106 2101 1743 2147; baseline -0.003 -10"><span class='ocrx_word' id='word_1_430' title='bbox 1106 2107 1159 2137; x_wconf 89' lang='grc'>10.</span> <span class='ocrx_word' id='word_1_431' title='bbox 1198 2106 1234 2137; x_wconf 89' lang='lat' dir='ltr'><em>K</em></span> <span class='ocrx_word' id='word_1_432' title='bbox 1240 2103 1413 2147; x_wconf 83' lang='grc' dir='ltr'><em>ρίσωνι]</em></span> <span class='ocrx_word' id='word_1_433' title='bbox 1451 2102 1583 2137; x_wconf 87' lang='lat' dir='ltr'>Criso</span> <span class='ocrx_word' id='word_1_434' title='bbox 1615 2101 1743 2136; x_wconf 86' lang='lat' dir='ltr'>Hime-</span> 
     </span>
     <span class='ocr_line' id='line_1_79' title="bbox 1060 2145 1744 2191; baseline -0.003 -9"><span class='ocrx_word' id='word_1_435' title='bbox 1060 2159 1177 2189; x_wconf 85' lang='lat' dir='ltr'>raeus,</span> <span class='ocrx_word' id='word_1_436' title='bbox 1203 2148 1337 2182; x_wconf 86' lang='lat' dir='ltr'>nobilis</span> <span class='ocrx_word' id='word_1_437' title='bbox 1356 2145 1643 2191; x_wconf 77' lang='grc' dir='ltr'><em>σταδιοδρόμος,</em></span> <span class='ocrx_word' id='word_1_438' title='bbox 1681 2149 1744 2181; x_wconf 88' lang='lat' dir='ltr'>ter</span> 
     </span>
     <span class='ocr_line' id='line_1_80' title="bbox 1061 2176 1741 2244; baseline -0.002 -18"><span class='ocrx_word' id='word_1_439' title='bbox 1061 2176 1236 2236; x_wconf 87' lang='lat' dir='ltr'>deinceps</span> <span class='ocrx_word' id='word_1_440' title='bbox 1261 2203 1369 2227; x_wconf 87' lang='lat' dir='ltr'>cursu</span> <span class='ocrx_word' id='word_1_441' title='bbox 1396 2192 1497 2235; x_wconf 89' lang='lat' dir='ltr'>vicit,</span> <span class='ocrx_word' id='word_1_442' title='bbox 1520 2180 1667 2244; x_wconf 85' lang='lat' dir='ltr'>Olymp.</span> <span class='ocrx_word' id='word_1_443' title='bbox 1685 2195 1741 2226; x_wconf 89' lang='lat'>83</span> 
     </span>
     <span class='ocr_line' id='line_1_81' title="bbox 1061 2231 1744 2287; baseline -0.003 -15"><span class='ocrx_word' id='word_1_444' title='bbox 1061 2242 1114 2275; x_wconf 85' lang='lat'>84</span> <span class='ocrx_word' id='word_1_445' title='bbox 1139 2241 1192 2273; x_wconf 89' lang='lat'>85</span> <span class='ocrx_word' id='word_1_446' title='bbox 1232 2237 1358 2272; x_wconf 86' lang='lat' dir='ltr'>Verba</span> <span class='ocrx_word' id='word_1_447' title='bbox 1389 2238 1557 2287; x_wconf 80' lang='grc' dir='ltr'><em>δρομεῑ</em></span> <span class='ocrx_word' id='word_1_448' title='bbox 1587 2231 1744 2278; x_wconf 75' lang='grc' dir='ltr'>ἆκμιὶ</span> 
     </span>
     <span class='ocr_line' id='line_1_82' title="bbox 1062 2280 1741 2325; baseline -0.004 -8"><span class='ocrx_word' id='word_1_449' title='bbox 1062 2285 1188 2325; x_wconf 79' lang='grc' dir='ltr'><em>ζοντι</em></span> <span class='ocrx_word' id='word_1_450' title='bbox 1204 2281 1263 2316; x_wconf 82' lang='lat' dir='ltr'>Gr</span> <span class='ocrx_word' id='word_1_451' title='bbox 1272 2293 1353 2316; x_wconf 90' lang='lat' dir='ltr'>oen</span> <span class='ocrx_word' id='word_1_452' title='bbox 1381 2293 1463 2316; x_wconf 89' lang='lat' dir='ltr'>van</span> <span class='ocrx_word' id='word_1_453' title='bbox 1482 2280 1686 2316; x_wconf 85' lang='lat' dir='ltr'>Prinster</span> <span class='ocrx_word' id='word_1_454' title='bbox 1695 2292 1741 2315; x_wconf 86' lang='lat' dir='ltr'>er</span> 
     </span>
     <span class='ocr_line' id='line_1_83' title="bbox 1062 2325 1739 2379; baseline -0.003 -18"><span class='ocrx_word' id='word_1_455' title='bbox 1062 2327 1362 2379; x_wconf 35' lang='lat' dir='ltr'>ProsopogiQaph</span> <span class='ocrx_word' id='word_1_456' title='bbox 1378 2326 1522 2362; x_wconf 86' lang='lat' dir='ltr'>Platon.</span> <span class='ocrx_word' id='word_1_457' title='bbox 1548 2338 1582 2370; x_wconf 88' lang='lat' dir='ltr'>p.</span> <span class='ocrx_word' id='word_1_458' title='bbox 1601 2329 1663 2360; x_wconf 83' lang='lat'>196</span> <span class='ocrx_word' id='word_1_459' title='bbox 1683 2325 1739 2359; x_wconf 89' lang='lat' dir='ltr'>in-</span> 
     </span>
     <span class='ocr_line' id='line_1_84' title="bbox 1062 2370 1739 2421; baseline -0.003 -15"><span class='ocrx_word' id='word_1_460' title='bbox 1062 2384 1159 2407; x_wconf 77' lang='lat' dir='ltr'>iuria</span> <span class='ocrx_word' id='word_1_461' title='bbox 1182 2373 1219 2406; x_wconf 91' lang='lat' dir='ltr'>in</span> <span class='ocrx_word' id='word_1_462' title='bbox 1239 2371 1472 2421; x_wconf 84' lang='lat' dir='ltr'>glossematis</span> <span class='ocrx_word' id='word_1_463' title='bbox 1493 2370 1739 2421; x_wconf 84' lang='lat' dir='ltr'>suspicionem</span> 
     </span>
     <span class='ocr_line' id='line_1_85' title="bbox 1065 2415 1739 2460; baseline -0.005 -8"><span class='ocrx_word' id='word_1_464' title='bbox 1065 2417 1222 2460; x_wconf 80' lang='lat' dir='ltr'>vocavit,</span> <span class='ocrx_word' id='word_1_465' title='bbox 1246 2417 1429 2460; x_wconf 86' lang='lat' dir='ltr'>siquidem</span> <span class='ocrx_word' id='word_1_466' title='bbox 1446 2427 1490 2449; x_wconf 84' lang='lat' dir='ltr'>us</span> <span class='ocrx_word' id='word_1_467' title='bbox 1508 2415 1605 2450; x_wconf 87' lang='lat' dir='ltr'>ratio</span> <span class='ocrx_word' id='word_1_468' title='bbox 1624 2416 1739 2449; x_wconf 90' lang='lat' dir='ltr'>conti</span> 
     </span>
     <span class='ocr_line' id='line_1_86' title="bbox 1064 2460 1739 2506; baseline -0.003 -10"><span class='ocrx_word' id='word_1_469' title='bbox 1064 2463 1190 2506; x_wconf 90' lang='lat' dir='ltr'>netur,</span> <span class='ocrx_word' id='word_1_470' title='bbox 1237 2473 1301 2496; x_wconf 90' lang='lat' dir='ltr'>cur</span> <span class='ocrx_word' id='word_1_471' title='bbox 1342 2461 1512 2495; x_wconf 84' lang='lat' dir='ltr'>Socrates</span> <span class='ocrx_word' id='word_1_472' title='bbox 1551 2460 1739 2495; x_wconf 83' lang='lat' dir='ltr'>Crisonem</span> 
     </span>
     <span class='ocr_line' id='line_1_87' title="bbox 1066 2505 1739 2548; baseline -0.005 -7"><span class='ocrx_word' id='word_1_473' title='bbox 1066 2517 1139 2541; x_wconf 88' lang='lat' dir='ltr'>non</span> <span class='ocrx_word' id='word_1_474' title='bbox 1177 2507 1224 2541; x_wconf 89' lang='lat' dir='ltr'>sit</span> <span class='ocrx_word' id='word_1_475' title='bbox 1261 2507 1531 2540; x_wconf 85' lang='lat' dir='ltr'>consecuturus</span> <span class='ocrx_word' id='word_1_476' title='bbox 1558 2505 1629 2542; x_wconf 86' lang='lat' dir='ltr'>vid.</span> <span class='ocrx_word' id='word_1_477' title='bbox 1655 2516 1739 2548; x_wconf 90' lang='lat' dir='ltr'>pro-</span> 
     </span>
     <span class='ocr_line' id='line_1_88' title="bbox 1065 2544 1738 2607; baseline -0.001 -22"><span class='ocrx_word' id='word_1_478' title='bbox 1065 2552 1138 2596; x_wconf 88' lang='lat' dir='ltr'>leg.</span> <span class='ocrx_word' id='word_1_479' title='bbox 1162 2563 1198 2607; x_wconf 88' lang='lat' dir='ltr'>p.</span> <span class='ocrx_word' id='word_1_480' title='bbox 1224 2555 1277 2606; x_wconf 77' lang='grc'>28.</span> <span class='ocrx_word' id='word_1_481' title='bbox 1316 2549 1504 2585; x_wconf 77' lang='lat' dir='ltr'>Crisonem</span> <span class='ocrx_word' id='word_1_482' title='bbox 1531 2549 1570 2585; x_wconf 79' lang='grc' dir='ltr'>ἐν</span> <span class='ocrx_word' id='word_1_483' title='bbox 1600 2544 1668 2594; x_wconf 82' lang='grc' dir='ltr'>όλῃ</span> <span class='ocrx_word' id='word_1_484' title='bbox 1694 2551 1738 2596; x_wconf 84' lang='grc' dir='ltr'>τῇ</span> 
     </span>
     <span class='ocr_line' id='line_1_89' title="bbox 1066 2586 1739 2646; baseline -0.006 -15"><span class='ocrx_word' id='word_1_485' title='bbox 1066 2598 1134 2641; x_wconf 84' lang='grc' dir='ltr'>τῆς</span> <span class='ocrx_word' id='word_1_486' title='bbox 1160 2595 1355 2646; x_wconf 70' lang='grc' dir='ltr'>ἀσκήσεως</span> <span class='ocrx_word' id='word_1_487' title='bbox 1378 2592 1479 2640; x_wconf 74' lang='grc' dir='ltr'><em>ἀκμῇ</em></span> <span class='ocrx_word' id='word_1_488' title='bbox 1506 2586 1739 2629; x_wconf 89' lang='lat' dir='ltr'>continenter</span> 
     </span>
     <span class='ocr_line' id='line_1_90' title="bbox 1068 2640 1738 2682; baseline -0.005 -6"><span class='ocrx_word' id='word_1_489' title='bbox 1068 2643 1104 2676; x_wconf 88' lang='lat' dir='ltr'>et</span> <span class='ocrx_word' id='word_1_490' title='bbox 1129 2651 1256 2675; x_wconf 83' lang='lat' dir='ltr'>severe</span> <span class='ocrx_word' id='word_1_491' title='bbox 1282 2640 1419 2674; x_wconf 83' lang='lat' dir='ltr'>vixisse</span> <span class='ocrx_word' id='word_1_492' title='bbox 1436 2640 1637 2674; x_wconf 72' lang='lat' dir='ltr'>memoriae</span> <span class='ocrx_word' id='word_1_493' title='bbox 1654 2649 1738 2682; x_wconf 81' lang='grc'>1110-</span> 
     </span>
     <span class='ocr_line' id='line_1_91' title="bbox 1067 2684 1675 2729; baseline -0.002 -10"><span class='ocrx_word' id='word_1_494' title='bbox 1067 2685 1160 2719; x_wconf 86' lang='lat' dir='ltr'>didit</span> <span class='ocrx_word' id='word_1_495' title='bbox 1184 2685 1289 2719; x_wconf 89' lang='lat' dir='ltr'>Plato</span> <span class='ocrx_word' id='word_1_496' title='bbox 1316 2685 1360 2718; x_wconf 87' lang='lat' dir='ltr'>de</span> <span class='ocrx_word' id='word_1_497' title='bbox 1385 2685 1458 2729; x_wconf 82' lang='lat' dir='ltr'>leg.</span> <span class='ocrx_word' id='word_1_498' title='bbox 1483 2696 1517 2728; x_wconf 90' lang='lat' dir='ltr'>p.</span> <span class='ocrx_word' id='word_1_499' title='bbox 1545 2688 1611 2719; x_wconf 89' lang='lat'>840</span> <span class='ocrx_word' id='word_1_500' title='bbox 1635 2684 1675 2718; x_wconf 91' lang='lat' dir='ltr'>B</span> 
     </span>
    </p>
   </div>
   <div class='ocr_carea' id='block_1_20' title="bbox 1068 2739 1741 2875">
    <p class='ocr_par' dir='ltr' id='par_1_21' title="bbox 1068 2739 1741 2875">
     <span class='ocr_line' id='line_1_92' title="bbox 1111 2739 1741 2791; baseline -0.003 -15"><span class='ocrx_word' id='word_1_501' title='bbox 1111 2742 1197 2776; x_wconf 82' lang='grc' dir='ltr'>τῶν</span> <span class='ocrx_word' id='word_1_502' title='bbox 1216 2739 1585 2791; x_wconf 81' lang='grc' dir='ltr'><em>δολιχοδρόμων]</em></span> <span class='ocrx_word' id='word_1_503' title='bbox 1605 2741 1644 2774; x_wconf 92' lang='lat' dir='ltr'>In</span> <span class='ocrx_word' id='word_1_504' title='bbox 1661 2752 1741 2775; x_wconf 86' lang='lat' dir='ltr'>cor-</span> 
     </span>
     <span class='ocr_line' id='line_1_93' title="bbox 1068 2785 1741 2836; baseline -0.001 -16"><span class='ocrx_word' id='word_1_505' title='bbox 1068 2797 1200 2831; x_wconf 90' lang='lat' dir='ltr'>porum</span> <span class='ocrx_word' id='word_1_506' title='bbox 1259 2785 1586 2836; x_wconf 78' lang='lat' dir='ltr'>exercitationibus</span> <span class='ocrx_word' id='word_1_507' title='bbox 1640 2785 1741 2830; x_wconf 81' lang='lat' dir='ltr'>apud</span> 
     </span>
     <span class='ocr_line' id='line_1_94' title="bbox 1070 2830 1740 2875; baseline -0.002 -10"><span class='ocrx_word' id='word_1_508' title='bbox 1070 2832 1230 2866; x_wconf 85' lang='lat' dir='ltr'>Graecos</span> <span class='ocrx_word' id='word_1_509' title='bbox 1260 2830 1466 2875; x_wconf 86' lang='lat' dir='ltr'>principem</span> <span class='ocrx_word' id='word_1_510' title='bbox 1492 2830 1615 2865; x_wconf 91' lang='lat' dir='ltr'>locum</span> <span class='ocrx_word' id='word_1_511' title='bbox 1642 2832 1740 2865; x_wconf 84' lang='lat' dir='ltr'>obti—</span> 
     </span>
    </p>
   </div>
   <div class='ocr_carea' id='block_1_21' title="bbox 1755 516 1778 542">
    <p class='ocr_par' dir='ltr' id='par_1_22' title="bbox 1755 516 1778 542">
     <span class='ocr_line' id='line_1_95' title="bbox 1755 516 1778 542; baseline 0 0"><span class='ocrx_word' id='word_1_512' title='bbox 1755 516 1778 542; x_wconf 91' lang='lat'>5</span> 
     </span>
    </p>
   </div>
   <div class='ocr_carea' id='block_1_22' title="bbox 1756 851 1794 876">
    <p class='ocr_par' dir='ltr' id='par_1_23' title="bbox 1756 851 1794 876">
     <span class='ocr_line' id='line_1_96' title="bbox 1756 851 1794 876; baseline 0 0"><span class='ocrx_word' id='word_1_513' title='bbox 1756 851 1794 876; x_wconf 64' lang='lat'>10⁴</span> 
     </span>
    </p>
   </div>
  </div>
 </body>
</html>
