1907 3230
604 149 938 186 PROTAGORAS.
975 151 1015 189 P.
1041 157 1105 188 310
1130 153 1196 189 ST.
1551 157 1606 199 45

197 255 332 306 λομεν
363 250 691 306 ἀναπαύεσθαι,
737 251 837 294 τότε
877 267 951 307 μοι
996 251 1194 307 ἀδελφὸς
1231 255 1370 308 λέγει,
1412 254 1480 297 ὅτι
1509 254 1632 310 fixa·

195 319 512 377 Πρωταγόρας.
579 318 653 361 καὶ
694 320 757 360 ἔτι
793 320 877 373 μὲν
918 320 1178 375 ε’νεχείρησα
1218 319 1357 372 εὐθὺς
1397 321 1516 376 παρὰ
1557 323 1606 364 σὲ

195 389 329 443 ἰέναι,
362 387 512 431 ἔπειτά
549 402 622 442 μοι
661 388 764 428 λίαν
801 386 953 441 πόρρω
986 388 1109 438 ἔδοξε
1139 390 1229 430 τῶν
1260 393 1440 431 νυκτῶν
1472 386 1604 432 εἶναι,

195 456 346 512 ἐπειδὴ
386 457 433 498 δὲ
472 455 653 509 τάχιστά
697 469 750 508 με
789 454 839 496 ἐκ
877 458 958 497 τοῦ
997 454 1141 497 κόπου
1179 454 1202 497 ὁ
1238 454 1379 506 ὕπνος
1425 455 1605 512 ἀνῆκεν,

194 523 333 574 εὐθὺς
363 520 554 572 ἀναστὰς
584 521 700 564 οὕτω
733 523 867 576 δεῦρο
891 522 1183 578 ἐπορευόμην.
1225 524 1313 565 Καὶ
1335 522 1420 578 ἐγώ
1442 524 1607 578 γιγνώ-

194 605 316 635 σκων
347 589 487 634 αὐτοῦ
518 589 602 644 τήν
632 588 847 643 ἀνδρείαν
878 591 951 632 καὶ
981 589 1063 645 τὴν
1085 593 1304 645 πτοίησιν,
1343 594 1399 633 Τί
1415 593 1501 633 οὐν
1522 604 1606 645 σοι,
1661 640 1664 645 ¹
1729 638 1757 644 ,-

191 656 249 714 ἦν
280 659 316 702 δ’
356 658 456 713 ἐγώ,
487 661 640 709 τοῦτο;
680 661 777 713 μῶν
808 660 853 699 τί
890 668 938 699 σε
977 655 1125 699 ἆδικεῖ
1158 659 1480 714 Πρωταγόραςς
1522 660 1608 700 Καὶ

193 724 241 777 ὃς
278 727 487 782 γελάσας,
528 725 599 780 Νὴ
640 725 744 776 τοὺς
781 727 940 779 θεούς,
973 727 1073 780 ἔφη,
1106 720 1143 767 ὦ
1175 724 1429 781 Σώκρατες,
1462 725 1529 768 ὅτι
1558 741 1608 780 γε

192 796 329 849 μόνος
361 793 454 836 ἐστὶ
485 795 646 849 σοφός,
688 794 763 849 ἐμὲ
803 795 853 837 δὲ
885 792 940 836 οὕ
970 801 1101 837 ποιεῖ.
1147 793 1278 836 Ἀλλὰ
1308 795 1381 835 ναὶ
1412 792 1472 848 μὰ
1501 796 1607 847 Δία,

284 914 313 947 1,
338 908 451 947 ἀδελ
501 910 546 948 ὸς
563 906 644 953 ΒΤ,
672 919 830 952 quorum
856 908 1116 942 auctoritatem
1141 912 1288 941 secutus
1305 918 1386 941 sum
1404 917 1486 941 cum
1504 908 1607 941 Astio

192 954 231 987 et
249 953 399 991 Cronio:
417 956 436 991 ὃ
450 953 626 1002 ,αδελφὸς
646 955 707 989 vel
726 951 897 998 ἁδελφὸς
917 953 961 987 de
977 952 1182 987 Heindorfii
1204 953 1390 987 sententia
1404 952 1519 986 ceteri
1533 951 1607 986 edi-

192 1002 304 1034 tores.
337 1000 532 1036 Librorum
553 1001 774 1044 scripturam
789 999 858 1033 Ast
875 999 932 1032 his
957 998 1080 1032 verbis
1105 997 1290 1032 defendit:
1315 998 1460 1041 ponunt
1477 996 1609 1032 Graeci

192 1046 343 1080 nomina
377 1048 456 1081 sine
492 1045 648 1081 articulo
687 1045 723 1089 1)
754 1044 785 1078 si
823 1043 1042 1088 simpliciter
1080 1044 1118 1077 et
1148 1043 1355 1088 generatim
1385 1042 1608 1084 indicantur,

193 1093 229 1130 2)
253 1090 318 1124 ubi
342 1102 401 1126 res
426 1092 484 1126 vel
509 1091 620 1125 homo
645 1090 873 1133 significatur
897 1087 1104 1132 singularis,
1131 1087 1194 1131 qui
1219 1098 1334 1130 quum
1358 1097 1426 1131 per
1444 1097 1482 1121 se
1500 1088 1609 1121 notus

195 1133 242 1167 sit
265 1136 324 1170 vel
347 1136 450 1171 nulla
472 1132 639 1180 indigeat
663 1134 876 1168 definitione
908 1133 1026 1176 (velut
1051 1133 1079 1167 si
1106 1132 1187 1176 quis
1212 1132 1367 1167 fratrem
1392 1131 1609 1175 simpliciter

193 1181 379 1224 nominat,
416 1192 484 1226 per
515 1192 553 1216 se
584 1179 827 1224 intelligimus
859 1190 944 1213 eum
974 1188 1047 1212 non
1079 1178 1172 1212 alius
1201 1177 1373 1215 fratrem,
1406 1177 1472 1211 sed
1503 1188 1610 1211 suum

193 1223 424 1273 designare),
456 1226 598 1260 nullam
632 1225 820 1260 desiderat
845 1223 1138 1266 distinctionem,
1171 1234 1284 1265 quam
1309 1221 1485 1256 articulus
1517 1221 1611 1256 solet

193 1269 370 1305 indicare.
421 1270 530 1305 Esset
556 1270 670 1315 igitur
701 1267 720 1303 ὁ
754 1266 925 1314 ἀδελφός
956 1279 1048 1302 unus
1081 1268 1126 1302 de
1155 1266 1352 1306 fratribus,
1384 1266 1461 1301 sive
1492 1267 1610 1301 maior

192 1313 272 1349 sive
297 1315 418 1349 minor
442 1317 552 1359 natu,
578 1314 639 1349 vel
669 1315 786 1349 frater
815 1316 890 1348 iam
921 1313 1143 1348 nominatus.
1176 1311 1322 1356 Kriiger
1345 1316 1400 1355 50,
1422 1316 1454 1355 3,
1483 1315 1513 1346 8.
1563 1311 1611 1345 Et

193 1358 415 1404 Hippocrati
440 1372 533 1395 unus
550 1360 666 1394 frater
684 1360 775 1401 erat,
801 1371 835 1393 v.
856 1370 893 1403 p.
913 1363 978 1393 313
992 1358 1031 1392 B.
1059 1357 1161 1394 Conf.
1178 1358 1255 1392 not.
1273 1357 1352 1391 crit.
1371 1356 1418 1391 ad
1435 1368 1471 1401 p.
1492 1357 1610 1392 355A.

282 1409 313 1440 5.
340 1403 582 1449 ἀνδρείαν]
609 1405 711 1439 Haec
734 1404 855 1439 forma
879 1415 943 1438 cur
969 1402 1070 1447 apud
1092 1402 1287 1437 Platonem
1312 1401 1421 1436 alteri
1450 1401 1506 1436 illi
1531 1397 1611 1444 (ἀν-

193 1451 320 1495 δρίαν)
354 1451 598 1495 praeferenda
627 1450 689 1493 sit,
723 1449 770 1484 ad
808 1449 910 1493 legg.
944 1448 1007 1485 lib.
1033 1448 1059 1485 I.
1084 1459 1120 1491 p.
1146 1451 1212 1482 629
1237 1447 1266 1481 Β
1297 1446 1467 1491 exposuit
1499 1445 1608 1480 Stall-

192 1495 306 1530 baum
340 1496 520 1538 novisque
561 1494 740 1540 exemplis
775 1495 878 1528 illam
919 1493 1081 1528 firmavit
1113 1492 1253 1527 Schanz
1292 1491 1329 1526 in
1364 1491 1609 1536 praefatione,

193 1550 305 1582 quam
330 1541 416 1575 huic
441 1541 590 1585 dialogo
615 1540 819 1585 praemisit,
845 1543 864 1581 ἓ
883 1543 911 1574 7.

239 1645 268 1678 1.
316 1639 685 1687 ἀναπαύεσθαι]
739 1641 866 1686 Symp.

192 1698 228 1731 p.
255 1690 320 1722 217
345 1687 394 1722 D:
433 1686 567 1732 ἐπειδὴ
601 1684 868 1731 ἐδεδειπνήκει

194 1731 447 1782 (ξωκράτης),
482 1728 710 1776 διελεγόμην
742 1730 868 1775 πόρρω

195 1788 270 1811 των
295 1779 454 1820 νυκτῶν,
487 1777 552 1813 καὶ
585 1774 718 1821 ἐπειδὴ
749 1772 866 1821 ἠβού-

193 1823 276 1874 λετο
307 1818 464 1857 οἷπιέναι
476 1849 484 1865 ,
517 1821 776 1869 σκηπτόμενος
810 1819 870 1856 ὅτι

193 1864 267 1908 οψὲ
306 1868 382 1912 εἴη,
417 1868 717 1914 προσηνάγκαςῖα
752 1864 870 1902 αὐτὸν

193 1912 334 1955 μένειν.
383 1910 598 1949 ἀνεπαύετο
637 1911 706 1948 οὐν
746 1911 785 1947 ἐν
822 1914 868 1959 τῇ

194 1953 355 2012 ἐχομένῃ
387 1956 478 2002 ἐμοῦ
497 1961 644 2009 .κλίνῃ,
678 1957 723 1993 ἐν
754 1952 869 2004 ᾗπερ

194 2002 244 2050 εδ
256 2014 271 2036 ε
282 2002 358 2037 ι’πν
369 2015 385 2038 ε
395 2017 419 2038 ι.
458 2003 704 2050 Hlppocrates
722 2014 868 2047 quoque

192 2057 231 2095 in
249 2047 379 2082 eadem
399 2048 491 2083 aede
510 2052 548 2085 et
560 2049 596 2084 in
614 2048 745 2084 eodem
760 2049 868 2090 lecto,

193 2101 230 2124 1n
256 2102 329 2134 quo
356 2093 479 2128 cibum
503 2096 667 2140 ceperat,
692 2094 868 2128 coenatus

196 2146 364 2171 somnum
401 2139 543 2184 cepisse
580 2139 769 2185 putandus
801 2140 867 2180 est,

193 2192 225 2214 v.
239 2180 321 2226 Lys.
336 2193 387 2219 or.
403 2188 434 2227 1,
450 2189 503 2219 23.
519 2185 622 2229 Virg.
638 2186 729 2219 Aen.
745 2183 796 2218 IV
813 2188 868 2219 82.

237 2231 269 2260 4.
287 2224 453 2275 ἐπειδὴ
470 2229 517 2265 ὃὲ
539 2226 735 2274 τάχιστά
758 2242 810 2274 με
828 2226 868 2264 ἐκ

193 2272 621 2320 t.n.-]Simulatque
636 2275 785 2308 autem
803 2285 868 2309 me

194 2319 299 2360 post
329 2319 664 2355 lassitudinem
689 2330 868 2354 somnus

194 2363 371 2398 remisit
396 2367 464 2400 etc.
507 2363 573 2400 Ἐκ
598 2375 672 2399 non
696 2364 796 2398 idem
814 2365 870 2398 est

194 2408 295 2456 qqod
320 2410 435 2454 μετοῖ,
461 2411 526 2446 sed
550 2410 701 2457 ponitur
725 2409 793 2449 sic,
829 2409 869 2443 ut

194 2450 336 2501 aliquid
362 2457 489 2490 statim
515 2457 553 2492 et
577 2455 752 2491 continuo
784 2455 870 2498 post

195 2496 296 2547 aliud
321 2501 498 2544 quiddam
524 2501 688 2536 evenisse
708 2499 766 2534 vel
785 2509 867 2534 eve-

194 2552 273 2578 mre
298 2544 491 2590 significet,
517 2558 665 2592 prorsus
692 2546 734 2579 ut
750 2543 867 2581 Latin.

195 2597 274 2639 ex..
299 2590 432 2634 Itaque
457 2592 517 2627 hic
542 2590 707 2636 eleganti
730 2589 867 2624 iudicio

195 2635 358 2683 pomtum
385 2639 442 2671 est
459 2637 506 2672 ad
522 2636 761 2671 indicandam
778 2645 866 2679 gra-

198 2688 284 2730 vius,
304 2680 464 2717 hominis
488 2680 778 2721 festinationem,
803 2678 867 2722 qui

197 2725 325 2759 statlm
336 2752 344 2766 ,
378 2728 419 2761 ut
449 2737 597 2762 somnus
631 2727 733 2761 artus
757 2726 869 2760 fessos

194 2768 448 2815 relaxavisset,
467 2783 504 2807 se
519 2773 566 2807 ad
581 2772 771 2807 Socratem
785 2780 870 2804 con-

194 2813 333 2851 tulerit.
383 2816 509 2856 Stallb,
586 2816 867 2857 Lassitudinem,

198 2867 308 2899 quam
322 2861 500 2907 intelligit
514 2862 771 2908 Hippocrates,
796 2872 869 2894 sus-

937 1639 1090 1684 ceperat
1103 1650 1149 1674 ex
1167 1649 1222 1682 eo,
1237 1638 1337 1682 quod
1352 1637 1502 1673 Oenoen
1515 1649 1610 1681 equo

938 1686 1065 1720 vectus
1102 1685 1140 1719 et
1173 1684 1342 1719 revectus
1380 1684 1478 1727 erat,
1516 1683 1611 1719 conf.

937 1730 1021 1773 Lys.
1047 1740 1099 1764 or.
1125 1733 1179 1772 24,
1207 1733 1348 1763 10—12.

984 1800 1002 1821 ο
1036 1779 1180 1825 Ῑῦπνος
1212 1781 1403 1830 ἀνῆκεν]
1436 1784 1544 1822 Hom,
1570 1785 1611 1822 Π,

939 1835 976 1886 2,,
995 1835 1069 1883 ω’71ε
1118 1827 1183 1875 ἐμὲ
1232 1827 1273 1880 δὲ
1313 1827 1452 1880 γλυκὺς
1492 1824 1612 1870 ὕπνος

938 1875 1614 1970 waarffissz,22215a3335‘2233’22

939 1968 1004 2000 aut
1040 1966 1172 2001 eodem
1213 1965 1339 1999 ordine
1378 1966 1444 1999 aut
1479 1965 1611 1999 lev1ter

937 2012 1082 2046 mutato
1099 2011 1216 2055 ponit,
1235 2021 1303 2045 nec
1322 2009 1439 2045 ullam
1460 2009 1613 2055 originis

939 2066 1065 2090 eorum
1090 2056 1318 2091 mentionem
1342 2055 1443 2097 facit,
1467 2067 1499 2091 v.
1517 2055 1614 2089 infra

938 2113 974 2146 p.
989 2106 1053 2137 337
1067 2100 1099 2135 D
1118 2103 1157 2136 et
1170 2100 1379 2146 Sophoclea
1395 2100 1506 2145 μήπω
1526 2096 1609 2145 μέγ’

941 2148 1049 2192 εἴπῃς
1076 2145 1239 2192 Sophist.
1263 2149 1329 2181 238
1343 2147 1387 2180 A.

985 2214 1015 2244 5.
1035 2205 1152 2244 οὕτω
1180 2209 1317 2251 δεῦρο
1343 2205 1422 2252 ἔτι]
1443 2207 1497 2242 De
1517 2201 1613 2242 οὕτω

938 2255 1025 2298 post
1049 2253 1288 2300 participium
1311 2253 1371 2287 hic
1395 2257 1432 2288 et
1449 2264 1484 2297 p.
1501 2256 1568 2287 314
1587 2251 1612 2287 C

937 2299 1043 2334 illato
1062 2311 1095 2334 v.
1113 2299 1161 2334 ad
1184 2298 1373 2333 Phaedon.
1393 2310 1428 2342 p.
1449 2302 1489 2331 61
1510 2296 1546 2333 C.
1565 2297 1611 2332 al.

938 2343 1082 2379 Deinde
1107 2342 1296 2388 ἀνδρείαν
1322 2345 1432 2378 vocat
1455 2343 1613 2377 hominis

937 2389 1263 2434 pertinaciam,
1289 2389 1470 2432 πτοίησιν
1488 2389 1612 2422 autem

938 2434 1116 2479 intelligit
1133 2434 1386 2468 sollicitum
1405 2434 1610 2467 anxium·

938 2490 1020 2522 que
1046 2480 1140 2515 eius
1167 2478 1366 2514 studium
1392 2489 1441 2513 ac
1465 2477 1612 2521 trepi-

937 2525 1180 2560 dationem.
1205 2524 1334 2559 Stazlb.

981 2590 1012 2622 6.
1043 2588 1089 2622 τί
1117 2580 1196 2621 οὖν
1228 2584 1509 2630 σοι-τοῦτο]
1554 2584 1611 2618 In-

936 2631 1013 2667 tell.
1042 2631 1232 2676 διαφέρει.
1253 2643 1288 2666 v.
1305 2631 1352 2665 ad
1376 2642 1412 2675 p.
1427 2634 1491 2665 309
1509 2631 1551 2664 Α.
1573 2649 1610 2655 ·—

938 2677 1081 2712 Deinde
1115 2675 1250 2712 ἀδικεῖ
1277 2676 1416 2711 dictum
1449 2686 1517 2709 usu
1542 2675 1613 2709 fre<

939 2723 1067 2765 quenti
1090 2733 1157 2768 pro
1183 2719 1381 2766 ἠδίκηκεν,
1408 2720 1443 2754 h.
1470 2731 1500 2754 e.
1527 2718 1612 2754 ἄδι-

939 2763 1006 2807 κός
1037 2765 1151 2803 ἔστιν.
1185 2778 1219 2801 v.
1245 2766 1478 2801 Heindorf.
1504 2766 1551 2799 ad
1577 2765 1611 2798 h.

939 2812 962 2850 l.
989 2813 1074 2847 coll.
1101 2811 1305 2857 Xenoph.
1323 2812 1439 2846 Anab.
1459 2811 1488 2851 Ι,
1510 2815 1540 2852 5,
1562 2814 1612 2843 11.

939 2857 984 2899 V,
1012 2861 1042 2900 6,
1068 2862 1121 2893 33.
1149 2858 1211 2900 VI,
1236 2862 1268 2899 4,
1293 2861 1346 2891 27.
1373 2855 1499 2891 Stallb.
