1939 3214
333 154 387 194 32
860 147 1225 184 PROLEGOMENA

337 253 558 309 telligitur,
590 253 675 293 iam
707 253 805 292 ante
836 250 994 292 bellum
1024 249 1425 304 peloponnesiacum
1452 251 1493 290 et
1512 248 1757 303 Hipponico

335 311 458 363 vivo,
499 310 570 364 qui
610 309 656 349 in
695 321 842 362 pugna
873 306 1046 347 Deliaca
1083 305 1140 359 (a.
1164 305 1265 361 424)
1305 304 1504 346 cecidisse
1540 305 1756 360 fertur⁵¹),

335 366 513 408 Calliam
546 364 750 419 sophistis
781 377 825 404 se
856 362 1034 403 dedisse.
1086 362 1145 403 Et
1167 362 1387 414 dubitatio,
1420 374 1502 414 quo
1524 361 1614 402 iure
1635 360 1759 402 Plato

335 422 507 463 finxerit
545 435 640 462 eum
678 420 761 460 iam
800 422 893 460 tum
923 419 1035 459 domi
1066 432 1166 459 suae
1197 417 1410 471 sophistas
1440 416 1594 458 vidisse
1625 419 1667 458 et
1695 419 1761 458 tot

335 478 531 520 homines
562 476 746 530 hospitio
778 475 1005 528 excepisse,
1037 474 1197 514 rationi
1228 473 1550 526 convenienter,
1582 476 1630 514 ut
1657 472 1760 514 vidi-

334 549 449 586 mus,
489 533 582 574 tolli
619 533 760 585 potest
799 545 937 584 neque
974 532 1088 570 recte
1127 530 1331 571 creditum
1370 531 1435 570 est
1464 528 1686 570 Platonem
1716 529 1761 569 in

334 591 414 631 hac
446 604 491 630 re
524 588 900 629 anachronismum
931 600 1056 640 quem
1087 586 1235 627 dicunt
1264 585 1536 628 commisisse.
1583 584 1695 626 Nam
1715 587 1763 626 ut

335 646 438 696 alia,
473 658 579 699 quae
611 658 739 697 supra
768 642 1020 695 memoravi,
1052 642 1265 694 omittam,
1299 641 1566 696 Hipponicus
1596 642 1764 695 praeter

335 702 526 752 domum,
570 714 679 755 quae
710 700 754 740 in
786 713 896 753 pago
928 698 1143 739 Melitensi
1175 698 1256 740 sita
1286 701 1377 739 erat
1406 698 1452 739 in
1484 711 1614 752 eaque
1643 696 1763 738 habi-

333 761 425 800 tum
456 758 536 799 hoc
567 756 825 810 colloquium
854 754 1044 808 fingitur,
1077 754 1251 796 alteram
1287 768 1462 808 eamque
1484 753 1762 809 magnificen-

334 815 486 856 tiorem
525 815 570 855 in
600 813 750 854 Piraeo
787 811 957 865 habuit,
997 812 1042 851 in
1081 825 1163 864 qua
1194 813 1290 865 post
1321 810 1553 866 Hipponici
1583 812 1766 851 mortem

336 871 492 913 Callias
539 868 642 910 illud
681 868 942 920 convivium,
991 867 1101 921 quod
1139 866 1381 921 Xenophon
1420 867 1664 921 descripsit,
1711 865 1764 906 ob

335 926 535 980 Autolyci
584 939 707 979 quem
754 924 926 965 amabat
969 923 1190 965 victoriam
1228 938 1265 965 a.
1296 923 1379 963 422
1417 923 1595 977 paravit.
1656 921 1766 970 Quid

340 997 442 1037 ergo
474 983 626 1035 obstat,
659 982 884 1034 quominus
915 979 1216 1034 Hipponicum,
1251 980 1371 1021 cuius
1401 993 1515 1020 mors
1546 981 1591 1019 in
1621 978 1766 1019 Prota-

336 1053 441 1094 gora
482 1052 692 1092 nusquam
724 1036 1012 1091 significatur,
1051 1036 1185 1077 altera
1216 1036 1341 1077 domo
1373 1034 1533 1077 Calliae
1565 1047 1768 1075 concessa

337 1097 383 1136 in
405 1094 554 1135 Piraeo
585 1097 677 1135 tum
707 1092 965 1134 habitavisse
997 1095 1240 1133 statuamus.
1294 1091 1513 1132 Andocide
1542 1093 1651 1132 teste
1673 1089 1768 1132 Cal-

337 1152 415 1192 lias
454 1151 499 1191 in
537 1149 810 1190 matrimonio
849 1148 1000 1189 habuit
1029 1148 1161 1189 filiam
1193 1148 1443 1201 Glauconis3
1482 1161 1608 1202 quam
1639 1160 1768 1201 quum

338 1208 423 1248 iam
454 1209 552 1248 ante
581 1206 662 1247 hoc
684 1204 942 1260 colloquium
965 1204 1134 1245 duxisse
1157 1204 1350 1246 videatur
1361 1204 1430 1258 52),
1462 1218 1513 1244 ex
1533 1204 1585 1244 iis
1605 1202 1768 1257 nuptiis

339 1277 465 1305 causa
495 1265 638 1317 potest
667 1262 814 1316 repeti,
847 1275 922 1302 cur
952 1260 1219 1315 Hipponicus
1251 1261 1373 1302 aedes
1401 1260 1586 1301 urbanas
1610 1259 1769 1301 Calliae

342 1319 659 1361 condonaverit.

452 1374 551 1416 Una
581 1389 647 1415 res
679 1377 756 1426 est,
789 1387 897 1427 quae
928 1372 990 1413 illi
1021 1387 1146 1426 anno,
1178 1373 1231 1414 ad
1262 1387 1386 1426 quem
1420 1372 1636 1426 dialogum
1656 1374 1769 1411 retu-

340 1432 487 1484 limus,
535 1445 624 1472 non
661 1429 938 1484 respondeat,
982 1429 1430 1470 commemorationem
1469 1428 1562 1469 dico
1602 1426 1771 1468 fabulae

340 1487 602 1542 Agr-estium,
629 1501 756 1540 quam
778 1485 1025 1526 Athenaeus
1046 1500 1086 1539 p.
1105 1485 1187 1527 218
1207 1484 1253 1526 O.
1279 1485 1344 1529 Ol.
1360 1485 1427 1537 89,
1444 1484 1472 1525 4
1489 1484 1609 1539 (421)
1634 1486 1772 1525 actam

343 1558 431 1585 esse
470 1545 664 1585 testatur.
725 1542 841 1590 Quae
881 1543 1084 1582 memoria
1123 1542 1157 1582 si
1196 1556 1297 1582 vera
1328 1544 1408 1592 est,
1456 1539 1772 1582 concedendum

343 1603 406 1641 est
436 1599 658 1641 Platonem
689 1598 770 1639 hac
801 1598 846 1638 in
877 1611 922 1637 re
954 1610 977 1638 a
1010 1598 1185 1639 veritate
1214 1598 1448 1649 deflexisse,
1481 1597 1554 1638 sed
1577 1611 1706 1650 quum
1726 1596 1773 1636 in

341 1659 464 1698 tanta
508 1655 629 1709 copia
675 1654 990 1696 comoediarum
1038 1654 1265 1708 quotannis
1306 1655 1352 1695 in
1392 1667 1561 1695 scenam
1611 1649 1770 1693 delata-

343 1727 434 1754 rum
475 1726 601 1753 nemo
639 1712 724 1752 nisi
763 1710 1005 1751 didascaliis
1043 1710 1267 1764 inspectis,
1310 1724 1391 1764 quo
1432 1723 1545 1751 anno
1577 1708 1772 1763 singulae

345 1769 494 1810 doctae
526 1769 683 1821 essent,
717 1768 824 1808 scire
855 1768 1010 1820 posset,
1045 1766 1168 1807 Plato
1191 1766 1358 1807 veniam
1380 1767 1441 1807 rei
1463 1767 1514 1806 ad
1537 1765 1775 1807 orationem

346 1825 580 1867 ornandam
624 1826 666 1865 et
695 1823 955 1878 Protagorae
999 1822 1167 1863 dicendi
1197 1823 1547 1864 consuetudinem
1578 1835 1674 1862 vere
1705 1822 1774 1861 de-

345 1881 608 1936 pingendam
640 1879 830 1921 adiectae
860 1880 1189 1932 impetraturum
1220 1893 1263 1919 se
1286 1893 1455 1932 sperare
1477 1878 1626 1932 potuit.
1674 1876 1776 1918 Non

346 1952 446 1979 vero
487 1937 633 1978 eadem
672 1939 764 1977 erat
800 1935 907 1976 ratio
940 1935 983 1974 in
1014 1935 1066 1975 iis
1099 1949 1205 1988 quae
1236 1934 1289 1975 ad
1319 1935 1414 1976 illos
1445 1934 1658 1983 homines,
1703 1933 1776 1986 qui

346 1995 393 2035 in
430 1994 510 2034 hoc
549 1993 656 2034 libro
694 1992 859 2033 inducti
896 1993 1015 2043 sunt,
1058 1991 1333 2045 pertinerent.
1395 1991 1582 2039 Quorum
1612 1989 1701 2030 vita
1730 1989 1777 2029 in

348 2051 440 2090 luce
479 2049 684 2090 Graeciae
723 2050 818 2089 acta
854 2061 985 2101 quum
1023 2061 1109 2088 non
1146 2048 1272 2088 modo
1304 2046 1662 2099 Atheniensibus,
1702 2044 1775 2086 sed

348 2120 403 2146 ne
441 2105 616 2158 reliquis
656 2104 826 2158 quidem
858 2104 1032 2144 Graecis
1071 2106 1181 2145 esset
1218 2103 1383 2158 ignota,
1433 2117 1480 2144 eo
1518 2103 1656 2157 magis
1696 2101 1778 2142 hoc

348 2161 602 2216 philosopho
636 2160 869 2201 cavendum
898 2161 1000 2213 erat,
1032 2174 1086 2200 ne
1108 2174 1215 2214 quae
1238 2174 1261 2200 a
1282 2160 1461 2201 veritate
1483 2159 1778 2209 abhorrerent,

350 2218 401 2258 de
440 2217 492 2258 iis
528 2217 736 2268 traderet,
775 2215 886 2271 quod
924 2215 970 2255 in
1008 2216 1163 2257 talibus
1201 2215 1327 2257 rebus
1358 2215 1593 2257 iudicandis
1625 2214 1776 2255 Graeci

352 2274 475 2314 nobis
507 2276 628 2314 erant
658 2271 964 2325 acerbiores.53)
1011 2272 1198 2313 Maxima
1229 2274 1371 2313 autem
1402 2271 1778 2325 circumspectione

353 2330 457 2370 haec
497 2330 640 2370 omnia
680 2329 910 2370 constituta
949 2343 1041 2369 esse
1080 2331 1122 2370 et
1161 2329 1305 2382 inique
1342 2329 1477 2383 magis
1508 2341 1635 2381 quam
1664 2328 1779 2367 recte

356 2487 421 2520 καὶ
445 2483 698 2530 Ἀναξαγόρου
723 2487 798 2519 τῶν
825 2486 1014 2529 σοφιστῶν
1041 2482 1278 2530 διαμώκησιν
1304 2481 1381 2519 mg.
1420 2483 1542 2518 schol.
1570 2483 1618 2518 acl
1634 2483 1779 2520 MeneX.

355 2529 534 2566 Ἀσπασία
567 2532 631 2565 καὶ
657 2530 848 2574 Περικλέα
879 2531 1115 2574 δημηγορεῖν
1144 2527 1446 2575 παρεσκεύασεν,
1480 2527 1528 2569 ὡς
1552 2528 1732 2573 Αἰσχίνηέ
1758 2525 1778 2562 ὁ

362 2573 608 2618 Σωκρατικὸς
635 2573 674 2610 ἐν
701 2573 866 2620 διαλόγῳ
893 2577 1056 2620 Καλλίᾳ.

473 2623 528 2663 51)
558 2620 737 2656 Andocid.
771 2619 855 2654 adV.
880 2619 1001 2655 Alcib.
1029 2625 1085 2661 13,
1118 2619 1250 2653 Athen.
1275 2629 1310 2661 p.
1336 2619 1463 2659 218133
1496 2628 1607 2661 quam
1641 2627 1780 2651 memo-

359 2665 453 2699 riam
485 2665 621 2698 falsam
653 2675 730 2699 esse
764 2664 853 2698 dicit
877 2663 1022 2708 Kru'ger
1046 2663 1383 2708 Histor.-philolog.
1411 2663 1514 2698 Stud.
1541 2663 1575 2697 II
1599 2665 1663 2697 288
1681 2672 1782 2705 sqq.,

360 2709 425 2744 sed
450 2709 523 2743 vid.
550 2720 663 2753 quam
687 2710 725 2743 in
750 2710 874 2744 annot.
900 2712 944 2742 44
969 2709 1172 2744 memoravi
1197 2708 1551 2743 commentationem
1574 2719 1610 2752 p.
1630 2711 1659 2742 7.

475 2756 531 2796 52)
558 2754 641 2787 Vid.
660 2755 785 2790 annot.
803 2753 851 2788 ad
867 2764 901 2797 p.
922 2758 988 2788 314
1005 2755 1045 2788 E.

476 2800 536 2841 53)
563 2797 665 2835 Conf.
699 2799 850 2833 Isocrat.
875 2798 935 2833 XI.
968 2803 1000 2833 8.
1036 2798 1187 2835 Aristid.
1212 2797 1275 2835 ΙΙΙ.
1306 2810 1344 2843 p.
1371 2802 1434 2833 551
1469 2797 1553 2841 (vol.
1581 2797 1627 2835 ΙΙ.
1652 2808 1688 2841 p.
1716 2801 1782 2833 435

363 2843 451 2878 edit.
480 2843 674 2886 Dindorf.)‚
700 2844 835 2877 Athen.
862 2854 895 2887 p.
915 2847 981 2878 216
999 2843 1037 2882 F.
