1939 3214
265 524 330 558 330

358 139 437 180 106
931 135 1178 173 PLATONIS.

355 244 534 292 θρωποι
563 239 738 280 τούτων
767 239 857 278 τῶν
887 240 964 291 τῆς
993 235 1152 292 ἀρετῆς
1182 238 1353 290 μορίων
1384 236 1431 277 οἱ
1458 237 1539 291 μὲν
1570 235 1694 290 ἄλλο,
1727 236 1774 278 οἱ

356 306 405 348 δὲ
436 305 566 359 ἄλλο,
599 302 626 360 ἢ
657 303 853 359 ἀνάγκη,
888 304 1053 357 ἐάνπερ
1084 319 1149 353 τις
1179 304 1227 345 ἓν
1257 305 1393 359 λάβῃ,
1426 302 1600 351 άπαντα
1631 306 1769 359 ἔχειν;

359 372 597 429 Οὐδαμως,
637 374 743 451 ἔφη,
785 373 881 414 ἐπεὶ
919 371 1077 414 πολλοὶ
1114 369 1317 424 ἀνδρεῖοί
1351 371 1479 423 εἰσιν,
1516 371 1664 413 ἄδικοι
1705 372 1767 426 δέ,

356 440 430 482 καί
462 443 625 482 δίκαιοι
663 440 738 494 αὐ,
779 439 912 494 σοφοὶ
942 439 991 481 δὲ
1022 437 1090 480 οὔ.
1144 438 1267 480 ’Ἐστι
1297 435 1381 492 γὰρ
1413 439 1498 478 οὐν
1527 439 1599 480 καὶ
1629 441 1769 481 ταῦτα

354 509 486 565 μόρια
524 510 600 562 τῆς
638 506 818 561 ἀρετῆς,
864 508 980 561 ἔφην
1022 505 1131 560 ἐγώ,
1178 507 1314 560 σοφία
1355 520 1402 546 τε
1447 504 1521 547 καὶ
1564 503 1770 558 ἀνδρείας
1800 520 1816 546 5

357 575 554 618 Πάντων
590 574 783 628 μάλιστα
820 573 982 627 δήπου,
1022 575 1127 627 ἔφη·
1161 573 1235 614 καὶ
1265 572 1469 627 μέγιστόν
1497 588 1548 626 γε
1576 569 1603 626 ἡ
1636 575 1773 626 σοφία

354 645 444 685 τῶν
464 644 648 696 μορίων
686 640 906 683 ΗΕκαστον
927 641 976 682 δὲ
998 638 1148 682 αὐτῶν
1172 639 1308 694 ἐστιν,
1339 640 1396 694 ἠν
1427 638 1469 681 6
1504 638 1607 693 ἐγώ,
1639 638 1766 693 άλλο,

354 710 403 752 τὸ
434 710 483 751 δὲ
513 709 645 760 ἄλλος
679 710 784 751 Ναί.
842 710 898 750 ’H
923 708 996 750 καὶ
1027 707 1223 762 δύναμιν
1254 706 1404 749 αὐτων
1434 706 1623 749 ἕκαστον
1652 707 1773 748 ἰδίαν

354 780 457 832 ἔχει,
490 776 639 831 ὥσπερ
670 774 723 818 τὰ
753 779 832 817 τοῦ
863 775 1128 830 προσωπου;
1162 774 1245 817 οὐκ
1277 776 1398 817 ἔστιν
1420 772 1655 829 ὀφθαλμὸς
1676 768 1773 815 οἷον

353 844 405 886 τά
437 861 527 887 ωτα
559 843 657 886 οὐδ’
689 841 714 898 ἡ
749 843 939 898 δύναμις
968 841 1107 884 αὐτοῦ
1137 841 1164 897 -ή
1198 840 1332 922 αὕτη·
1365 840 1471 884 οὐδὲ
1501 857 1591 883 των
1622 840 1773 883 άλλων
1789 857 1820 882 10

354 911 488 954 οὐδέν
520 913 643 954 ἐστιν
674 905 771 953 οἷον
801 910 851 952 τὸ
881 910 1036 965 ἕτερον
1066 908 1168 953 οὔτε
1198 925 1308 952 κατα
1338 911 1421 964 τὴν
1451 910 1648 962 δύναμιν
1669 907 1774 950 οὔτε

353 978 465 1021 κατὰ
495 978 548 1020 τὰ
578 978 704 1021 ἄλλα.
766 974 840 1032 ἆρ’
883 974 969 1019 οὖν
1006 976 1121 1020 οὕτω
1159 978 1233 1019 καὶ
1263 976 1315 1018 τὰ
1345 980 1422 1031 τῆς
1451 975 1612 1030 ἀρετῆς
1639 975 1773 1030 μόρια

308 1045 438 1091 Βούκ
477 1048 569 1088 ἔστι
606 1044 654 1088 τὸ
694 1046 850 1099 ἕτερον
887 1039 984 1087 οἷον
1023 1043 1072 1086 τὸ
1108 1043 1277 1098 ἕτερον,
1317 1042 1422 1085 οὔτε
1461 1041 1571 1085 αὐτὸ
1611 1039 1774 1096 οὔτεὴ

353 1115 544 1169 δύναμις
567 1113 730 1165 αὕτοῦ,·
761 1111 788 1168 ἢ
814 1113 928 1167 δῆλα
952 1111 1004 1166 δὴ
1039 1111 1106 1153 ὅτι
1139 1110 1281 1161 οὕτως
1309 1113 1420 1166 ἔχει,
1459 1115 1583 1165 εἴπερ
1606 1112 1668 1166 τῷ
1687 1124 1774 1152 πα-

354 1182 617 1236 ραδείγματί
627 1197 678 1235 γε
695 1182 861 1227 ἔοικεν;
883 1178 1003 1221 Ἀλλ’
1033 1178 1184 1233 οὕτως,
1203 1180 1303 1234 ἔφη,
1334 1181 1436 1233 ἔχει,
1463 1173 1498 1220 ὦ
1517 1177 1766 1232 Σώκρατες.
1786 1192 1818 1218 15

352 1248 440 1291 Καὶ
472 1248 557 1303 ἐγώ
592 1245 735 1290 εἷπον·
774 1246 923 1290 Οὐδὲν
955 1247 1044 1302 ἄρα
1077 1246 1169 1289 ἐστὶ
1200 1250 1291 1288 τῶν
1320 1249 1398 1301 τῆς
1419 1245 1580 1302 ἀρετῆς
1599 1247 1772 1301 μορίων

467 1377 518 1407 15.
552 1368 715 1413 οὕτως
750 1371 852 1417 ξ’,φη
886 1371 1000 1416 ἔχει,
1039 1364 1066 1406 ὦ
1099 1371 1228 1414 Σωκρ
1240 1370 1419 1410 ατεςΤε
1453 1369 1579 1404 Verba
1611 1368 1708 1414 3⁷28ss
1744 1383 1772 1404 ω

357 1414 557 1462 Σωκρατες
589 1429 660 1453 om.
694 1418 723 1452 Β
756 1418 794 1451 613
824 1429 907 1452 cum
939 1427 982 1451 eo
1014 1416 1164 1461 Sauppe
1197 1417 1235 1450 et
1265 1415 1479 1458 8611111112,ςῖ
1464 1415 1529 1450 sed
1563 1415 1601 1448 in
1633 1413 1772 1449 talibus

352 1464 491 1498 maiore
517 1463 589 1498 fide
615 1463 747 1507 dignus
773 1463 829 1497 est
851 1462 892 1500 Τ

351 1577 409 1610 ius
426 1576 493 1617 rei,
513 1586 608 1619 quae
626 1575 671 1609 de
685 1575 853 1619 pluribus
867 1585 942 1608 una
959 1576 1025 1615 est,
1095 1586 1132 1618 Ρ
1159 1578 1223 1609 343
1249 1573 1288 1607 Ε.
1322 1584 1357 1617 Ρ.
1383 1576 1450 1607 355
1473 1571 1516 1606 D.
1549 1572 1622 1616 Sop
1625 1571 1758 1614 hist.p

352 1621 519 1664 integrae
546 1622 658 1663 atque
675 1620 810 1664 plenae
828 1620 953 1654 venire
973 1619 1026 1653 di·
1097 1623 1161 1654 221
1187 1618 1228 1654 Ε.
1255 1619 1300 1652 de
1326 1628 1403 1673 r7ep
1429 1629 1466 1661 p
1492 1621 1555 1651 451
1576 1583 1622 1652 Ep
1640 1582 1772 1651 Stallpb.

353 1666 458 1702 eitur.
508 1665 612 1707 Quod
638 1665 726 1708 quid
753 1664 823 1699 sibi
848 1664 940 1698 velit
951 1664 1025 1706 ‚']i-
1141 1668 1172 1698 9.
1215 1661 1297 1697 οὐκ
1335 1661 1460 1697 ἔστιν
1498 1660 1768 1716 ὀφθαλμὸς]

353 1711 437 1745 eeat
472 1710 643 1753 exemplo
677 1709 802 1752 aliquo
835 1709 1026 1743 declarare
1096 1709 1289 1743 Illustrant
1312 1708 1404 1741 haec
1428 1707 1545 1742 verba
1575 1703 1699 1761 ὥσπερ
1724 1720 1770 1741 τα

353 1755 580 1807 diligentius.
605 1754 720 1788 Recte
735 1754 869 1788 dicitur
883 1755 1026 1798 μετέχω

352 1800 426 1835 τῶν
451 1798 666 1844 κτημάτων,
692 1800 781 1842 quia
805 1799 927 1843 ipsum
944 1810 1027 1834 ver—

351 1846 439 1880 bum
480 1847 651 1890 μέτεχειν
693 1844 877 1888 signifieat
913 1844 1027 1879 etiam

352 1891 399 1925 ab
426 1890 505 1925 aliis
532 1891 712 1925 bonorum
737 1890 884 1940 partem
908 1889 1028 1933 possi-

353 1936 449 1969 deri:
476 1935 574 1969 unde
600 1934 653 1976 fit,
679 1936 721 1969 ut
744 1935 781 1968 in
806 1934 876 1968 hac
901 1934 1027 1968 simili—

352 1981 496 2023 busque
532 1980 726 2014 sententiis
750 1980 936 2013 constanti
960 1990 1028 2012 usu

352 2026 612 2067 frequentetur
625 2035 728 2058 casus
743 2023 935 2058 secundus.
955 2023 1027 2057 Sed

353 2070 500 2114 quando
525 2071 563 2103 te
589 2070 735 2113 partem
753 2068 945 2102 dimidiam
964 2068 1026 2102 bo-

352 2125 483 2149 norum
500 2114 685 2157 integram
705 2113 895 2158 possidere
915 2114 1027 2156 signi-

353 2160 464 2193 ficare
490 2159 671 2201 volueris,
695 2170 769 2193 non
793 2158 949 2203 poteris
960 2158 1027 2192 ali-

354 2206 411 2239 ter
436 2205 558 2238 dicere
583 2204 654 2238 nisi
675 2203 745 2256 fic:
787 2204 928 2253 μετέχω
952 2205 1028 2237 τῶν

353 2246 555 2300 κτημάτων
585 2247 627 2283 τὸ
668 2242 803 2292 η’μισυι
841 2248 1029 2298 genitivus

355 2295 453 2329 enim
484 2306 521 2328 m
553 2293 620 2327 tali
658 2293 843 2328 sententia
880 2293 1029 2336 ineptus

354 2340 462 2374 foret
499 2338 628 2374 Stazlb.
666 2338 720 2373 De
746 2338 924 2381 proximis
950 2349 1028 2372 ver-

355 2384 412 2419 bis
442 2384 671 2427 Protagorae
705 2395 738 2418 v.
765 2383 813 2417 ad
835 2395 871 2427 p.
899 2387 963 2418 323
988 2382 1028 2418 Ε.

401 2478 430 2509 7.
458 2469 682 2508 Ἐκαστον
720 2472 770 2508 δὲ
808 2471 961 2507 αυτών
986 2493 1027 2497 -

355 2519 402 2554 τό
435 2517 483 2554 δὲ
517 2516 667 2574 ἄλλο]
680 2518 723 2552 Η.
752 2529 783 2552 6.
817 2514 945 2552 αυτών
982 2516 1026 2552 δε

356 2563 516 2599 ἕκαστον
548 2561 588 2598 τὸ
627 2577 698 2608 μεν
734 2558 825 2598 άλλο
857 2559 949 2605 ἐστί,
985 2561 1026 2596 τὸ

358 2608 401 2644 δε
435 2605 539 2646 ἄλλο,
588 2608 732 2643 Phileb.
756 2620 792 2653 p
819 2611 860 2641 56
887 2607 936 2641 D:
975 2609 1027 2653 πῇ

355 2666 448 2688 ποτε
481 2649 753 2709 διορισάμενος
790 2651 856 2687 οὐν
897 2649 1028 2705 ἄλλην,

355 2695 426 2743 τὴν
453 2697 495 2733 δὲ
521 2697 642 2743 ἄλλην
667 2701 758 2751 θείη
779 2711 834 2738 τις
852 2711 900 2731 αν
908 2693 1029 2751 ἀριθ-

355 2741 542 2799 μητικήνς
575 2744 609 2780 h.
636 2754 668 2778 e.
697 2739 766 2787 τὴν
798 2741 869 2785 μὲν
895 2738 1027 2786 ἄλλην,

355 2788 426 2833 τὴν
465 2788 506 2824 δὲ
544 2786 624 2826 ἄλλ.
680 2788 819 2822 Eodem
850 2787 960 2822 modo
990 2799 1028 2831 p.

356 2834 464 2869 320ss
490 2834 528 2868 et
551 2833 647 2867 infra
663 2845 699 2877 p.
715 2832 829 2868 331B.
855 2844 891 2877 p.
907 2837 972 2868 334
985 2834 1028 2866 A.

1096 1755 1164 1789 τοῦ
1190 1749 1401 1796 προσώπου,
1428 1752 1589 1794 ideoque
1609 1749 1772 1786 ἀσυνδέ-

1096 1813 1167 1839 τως
1204 1797 1334 1832 addita
1370 1798 1466 1832 sunt.
1514 1797 1556 1830 In
1592 1796 1768 1840 proximis

1097 1843 1361 1878 Stallbaumius
1375 1842 1678 1896 distinguendum
1691 1852 1773 1876 cen-

1096 1881 1390 1943 suit2139'025v
1418 1883 1515 1921 οὕτω
1541 1888 1606 1921 καὶ
1632 1900 1679 1921 τοι
1704 1887 1772 1930 τῆς

1096 1931 1243 1990 αρετῆς
1282 1930 1398 1975 μόρια
1440 1934 1501 1971 (SC-
1542 1930 1653 1986 ἔχει)
1701 1931 1771 1966 οὐκ

1097 1977 1175 2013 ἔστι
1209 1974 1250 2012 τὸ
1284 1976 1413 2018 ἕτερον
1445 1975 1527 2010 οἷον
1560 1973 1603 2010 τὸ
1631 1974 1769 2019 ἕτερον,

1097 2025 1135 2057 613
1173 2022 1310 2073 probat
1349 2021 1446 2055 hanc
1482 2021 1682 2055 verborum
1719 2021 1771 2055 di-

1096 2067 1334 2102 stinctionem
1360 2066 1481 2100 Astius
1506 2065 1553 2099 ad
1577 2066 1611 2100 h.
1638 2065 1680 2108 1,,
1706 2065 1772 2100 sed

1097 2113 1223 2148 obstat
1247 2112 1408 2146 formula
1433 2105 1454 2155 ἦ
1489 2112 1590 2161 δῆλα
1623 2092 1680 2155 δὴ
1697 2105 1770 2153 ὅτι,

1097 2169 1192 2200 quae
1217 2168 1289 2191 non
1314 2156 1385 2190 nisi
1401 2156 1486 2200 post
1503 2155 1766 2199 interrogatio-

1096 2214 1194 2245 nem,
1220 2202 1267 2236 ad
1293 2212 1404 2245 quam
1429 2200 1594 2235 nondum
1618 2211 1770 2244 respon-

1098 2259 1183 2282 sum
1208 2249 1274 2288 est,
1299 2247 1468 2281 infertur.

1147 2298 1197 2346 13,
1240 2288 1345 2326 οὔτε
1388 2289 1512 2345 αυτό]
1553 2289 1593 2347 Ρ
1624 2294 1689 2325 333
1719 2290 1768 2323 Α.

1098 2335 1267 2391 ἀνόμοια
1292 2336 1357 2371 καὶ
1383 2333 1481 2370 αὐτὰ
1507 2335 1573 2369 καὶ
1593 2333 1635 2369 αἴ
1652 2333 1767 2369 δυνά-

1099 2396 1183 2427 μεις
1216 2379 1353 2417 αυτῶν.
1366 2393 1426 2436 p
1444 2384 1509 2415 360
1534 2380 1581 2413 E:
1614 2381 1654 2414 τί
1682 2378 1770 2415 ποτ’

1099 2426 1212 2463 ἐστὶν
1228 2424 1327 2477 ιαυτὸ
1354 2423 1376 2470 ἡ
1404 2423 1770 2475 ἆρετη.813“[111108,1;

1098 2471 1194 2508 αὐτό
1224 2471 1263 2505 in
1294 2470 1350 2505 his
1380 2481 1458 2504 rem
1490 2470 1609 2514 ipsam
1639 2480 1707 2514 per
1731 2480 1769 2504 se

1098 2519 1136 2553 et
1159 2517 1327 2551 universe
1353 2515 1726 2558 spectatam..
1753 2552 1767 2559 -

1144 2567 1194 2597 15.
1238 2556 1401 2604 οὕτως,
1443 2559 1549 2604 ἔφη,
1591 2558 1704 2603 ἔχει,
1741 2558 1768 2593 ὠ

1098 2605 1259 2650 Σωκρ.]
1295 2604 1397 2639 Haeo
1427 2604 1654 2648 Protagorae
1684 2614 1768 2647 per·

1098 2662 1208 2687 sonae
1241 2650 1381 2700 optime
1412 2660 1508 2684 nunc
1533 2632 1767 2689 conveniunt,

1098 2708 1182 2732 nam
1205 2696 1268 2730 ille
1292 2706 1330 2728 in
1354 2694 1477 2739 priore
1500 2694 1609 2739 parte
1628 2675 1769 2744 dialogi

1097 2741 1284 2785 insignem
1316 2751 1405 2790 prae
1439 2750 1477 2773 se
1508 2740 1581 2773 tert
1616 2738 1768 2772 comita-

1098 2790 1174 2821 tem
1206 2787 1244 2820 et
1274 2783 1490 2828 prolixitate
1520 2782 1769 2828 respondendi

1099 2831 1216 2866 utitur
1240 2831 1282 2864 ut
1305 2841 1340 2873 p.
1366 2833 1430 2864 329
1456 2828 1500 2871 D,
1526 2833 1591 2863 330
1616 2828 1649 2862 A
1675 2828 1720 2865 al
