1907 3230
148 557 164 582 5

606 165 936 203 PROTAGORAS.
961 165 1000 200 P.
1027 170 1091 201 313
1117 165 1183 202 ST.
1551 165 1604 207 53

188 283 258 325 γε’
301 270 556 350 ἐρωτήσεως
600 268 681 323 γὰρ
720 269 781 309 ἔτι
819 265 843 321 ἡ
883 265 1117 319 ἀπόκρισις
1154 262 1262 320 ἡμῖν
1301 266 1462 318 δεῖται,
1503 266 1604 317 περὶ

189 336 296 380 ὅτου
319 335 341 379 ὁ
363 336 575 392 σοφιστὴς
596 333 747 378 δεινὸν
778 341 898 376 ποιεῖ
925 334 1093 386 λέγειν·
1128 331 1278 385 ὥσπερ
1301 329 1324 373 6
1344 332 1606 386 κιθαριστὴς

192 403 342 447 δεινὸν
381 407 525 460 δήπου
563 409 683 445 ποιεῖ
718 401 865 455 λέγειν
901 400 1003 454 περὶ
1038 393 1177 455 οὗπερ
1210 397 1284 440 καὶ
1316 399 1604 454 ἐπιστήμονα,
1625 399 1651 432 Ε

188 474 289 527 περὶ
320 474 600 528 κιθαρίσεως.
657 463 685 523 ἦ
716 468 826 523 γάρ;
860 469 963 509 Ναί.
1008 464 1129 509 Εἶεν.
1177 466 1200 509 6
1233 467 1280 508 δὲ
1310 465 1363 521 δὴ
1395 465 1608 520 σοφιστὴς

189 541 291 592 περι
322 542 441 589 τίνος
471 536 621 581 δεινὸν
654 543 775 578 ποιεῖ
803 535 969 589 heysem
1001 533 1029 589 ἢ
1060 535 1213 589 δῆλον,
1247 532 1314 576 ὅτι
1345 534 1445 587 περὶ
1467 534 1606 586 οὗπερ

187 607 262 648 καὶ
301 606 550 655 ἐπισταται;
592 604 726 652 Εἰκός
764 618 828 657 γε.
896 603 949 643 Τί
986 601 1040 656 δή
1080 603 1173 645 ἐστι
1210 605 1364 655 τοῦτο,
1414 601 1515 656 περὶ
1554 602 1608 643 οὑ

188 673 323 724 αὐτός
360 689 406 716 τε
445 672 696 726 ἐπιστήμων
736 670 860 712 ἐστὶν
891 667 914 711 6
944 668 1159 724 σοφιστὴς
1190 668 1262 710 καὶ
1294 669 1372 710 τὸν
1402 668 1609 724 μαθητὴν

187 750 324 791 ποιεῖ;
357 741 436 783 Μὰ
467 739 560 793 Δί’,
594 741 693 792 ἔφη,
727 735 875 779 οὐκέτι
906 739 988 791 ἔχω
1020 748 1091 779 σοι
1122 737 1282 790 λέγειν.

302 809 405 863 Gap.
430 808 483 849 V.
531 806 618 848 Καὶ
650 804 734 859 ἐγώ
770 801 899 846 εἷπον
929 803 1036 858 μετὰ
1068 804 1217 846 τοῦτο·
1258 805 1311 845 Τί
1338 796 1442 855 οὗυ,·
1474 800 1608 845 οἶσθα
1633 805 1698 837 313

138 894 169 920 ιο
189 877 250 924 εἰς
280 869 379 917 οἷόν
410 891 509 917 τινα
540 874 758 915 κίνδυνον
792 874 908 926 ἔρχει
940 869 1186 925 ὑποθήσων
1216 870 1298 925 τὴν
1319 870 1488 925 ψυχήν;
1520 870 1550 925 ἦ
1572 871 1612 911 εἰ

135 1232 166 1258 15

186 942 268 998 μὲν
298 940 348 984 τὸ
379 945 506 996 σῶμα
538 941 792 995 ἐπιτρέπειν
831 950 880 981 σε
919 939 1008 981 ἔδει
1046 955 1106 995 τῳ
1146 939 1557 994 διακινδυνεύοντα.
1582 934 1610 993 ἢ

186 1008 381 1064 χρηστὸν
413 1007 524 1051 αὐτὸ
547 1008 760 1062 γενέσθαι
782 1003 809 1061 ἢ
830 1006 1045 1061 πονηρόν,
1069 1005 1212 1048 πολλοὶ
1234 1005 1290 1049 ἄν
1311 1006 1605 1061 περιεσκέψω,

189 1076 271 1119 εἴτ’
298 1077 585 1130 ἐπιτρεπτέον
609 1079 694 1118 εἴτε
716 1071 785 1129 οὔ,
809 1074 882 1116 καὶ
905 1074 965 1124 εἰς
986 1073 1249 1129 συμβουλὴν
1265 1073 1368 1124 τούς
1384 1090 1430 1116 τε
1448 1076 1610 1128 φίλους

187 1141 244 1186 αἰ)
287 1142 552 1197 παρεκάλεις
596 1143 670 1184 καὶ
715 1141 818 1192 τούς
863 1143 1054 1191 οἰκείους
1099 1141 1409 1197 σκοπούμενος
1445 1140 1609 1196 ἡμέρας

194 1211 381 1266 συχνάς·
405 1211 430 1253 ὅ
451 1212 508 1253 δὲ·
522 1211 622 1263 περὶ
644 1212 851 1258 πλείονος
874 1212 954 1250 τοῦ
981 1208 1182 1263 σωματος
1205 1207 1317 1263 ἡγεῖ,
1339 1207 1421 1264 τὴν
1443 1209 1607 1263 ψυχήν,

188 1277 261 1320 καὶ
279 1280 329 1321 ἐν
352 1280 384 1334 ςὸ
408 1277 539 1319 πάντ’
565 1278 658 1319 ἐστι
676 1276 728 1318 τὰ
751 1276 806 1317 σα
824 1273 852 1331 ἠ
875 1269 925 1318 εὗ
946 1273 974 1331 ἢ
996 1280 1143 1326 κακῶς
1164 1276 1392 1356 πράττειν,
1415 1279 1609 1331 χρηστοῦ

190 1346 216 1401 ἢ
248 1348 452 1400 πονηροῦ
482 1343 624 1386 αὐτοῦ
645 1359 907 1398 γενομενου,
939 1345 1040 1398 περὶ
1062 1345 1110 1385 δὲ
1132 1344 1295 1385 τούτου
1316 1342 1420 1386 οὔτε
1440 1346 1502 1400 τῷ
1522 1359 1611 1385 πα-

188 1413 258 1469 τρὶ
289 1411 391 1456 οὔτε
422 1415 482 1469 τῷ
513 1411 696 1468 ἀδελφῷ
728 1410 1011 1454 ἐπεκοιναίσω
1039 1410 1142 1453 οὔτε
1162 1410 1292 1466 ἡμῶν
1312 1415 1402 1454 τῶν
1424 1411 1656 1464 ἑταίρωυΒ

302 1542 332 1574 3.
370 1536 446 1571 καὶ
478 1533 765 1580 ἐπιστήμονα
791 1555 833 1560 -
858 1536 961 1579 περὶ
996 1529 1150 1579 οὗπερ
1183 1546 1253 1571 om.
1279 1536 1318 1570 Β.
1389 1540 1420 1573 5.
1454 1530 1476 1580 ἦ
1512 1536 1611 1579 quod

189 1583 226 1617 in
251 1582 281 1616 Τ
307 1581 551 1624 desideratur,
576 1581 622 1616 ab
649 1580 864 1615 Heindorfio
890 1580 1075 1616 adiectum
1101 1582 1167 1616 est.

936 1690 976 1728 ἐν
1015 1693 1072 1728 σοὶ
1111 1691 1151 1727 δ’
1190 1691 1303 1737 ἐσμὲν
1339 1694 1404 1728 καὶ
1441 1694 1507 1738 ζῆν
1545 1695 1610 1751 ζιαὶ

935 1737 998 1794 μή
1021 1738 1162 1796 Iphig.
1191 1739 1301 1772 Taur.
1329 1751 1362 1774 v
1392 1743 1492 1774 1057:
1519 1736 1610 1794 τᾶμ’

937 1780 976 1817 ἐν
1009 1779 1100 1839 ὑμῖν
1133 1782 1234 1818 ἐστιν
1261 1778 1282 1826 ἢ
1310 1785 1432 1823 καλῶς
1456 1782 1560 1834 ἔχειν
1587 1780 1609 1830 ἦ

936 1827 1058 1871 μηδεν
1092 1826 1203 1865 εἶναι
1253 1827 1430 1863 Similiter
1453 1828 1550 1864 infra
1573 1842 1610 1883 p

936 1874 1061 1908 3560:
1093 1870 1133 1908 ἐν
1160 1872 1279 1920 τούτῳ
1304 1870 1396 1917 ἡμῖν
1423 1874 1472 1919 ἡν
1497 1872 1538 1909 τὸ
1568 1873 1610 1910 εὐ

936 1916 1129 1969 πράττειν
1167 1911 1309 1953 Dein'de
1328 1919 1428 1961 quod
1454 1919 1498 1954 δέ
1524 1920 1610 1954 ante

234 1699 266 1730 8.
293 1692 456 1730 οὐκέτι
484 1693 569 1738 ἔχω
594 1705 665 1728 σοι
691 1693 864 1738 λέγειν]

189 1751 262 1774 11011
297 1740 454 1783 amplius
485 1739 523 1772 id
558 1738 680 1772 dicere
705 1749 866 1782 possum.

191 1784 384 1820 Sententia
413 1784 521 1818 haec:
558 1783 605 1817 ad
643 1784 767 1817 omnia
797 1783 866 1817 tibi

191 1840 286 1873 quae
322 1829 443 1864 adhuc
475 1839 519 1862 ex
550 1839 608 1862 me
634 1828 863 1872 quaesivisti,

190 1874 379 1919 respondi3
414 1873 489 1907 dixi
520 1873 589 1907 tibi
620 1873 866 1914 Protagoram

190 1920 312 1963 sophi
299 1921 393 1953 tam
411 1918 553 1960 haberi,
571 1919 649 1952 tum
661 1918 866 1961 sophistam

189 1964 294 1999 verbi
323 1964 398 1997 vim
424 1963 541 1998 solam
565 1963 723 1997 intuitus
747 1963 864 1997 homi-

189 2020 275 2044 nem
299 2008 482 2054 sapientia
506 2009 680 2043 ornatum
706 2018 784 2042 esse
809 2008 862 2041 in-

190 2055 418 2099 terpretatus
436 2065 530 2095 sum,
548 2063 665 2096 eaque
680 2053 866 2096 sapientia

191 2100 282 2150 alios
301 2100 348 2133 ad
367 2099 563 2133 dicendum
577 2098 782 2141 instituere,
801 2098 866 2132 sed

190 2145 228 2178 111
259 2155 331 2187 qua
363 2143 595 2188 potissimum
627 2154 666 2177 re
691 2143 782 2177 haec
808 2154 866 2177 ars

191 2191 370 2231 versetur,
397 2188 435 2222 id
459 2187 560 2238 quod
585 2199 683 2222 nunc
708 2188 865 2231 quaeris,

190 2234 261 2270 hoo
277 2234 346 2268 tibi
364 2245 438 2268 non
455 2233 530 2267 iam
555 2232 676 2267 dicere
702 2243 866 2276 possum.

237 2295 290 2326 10.
326 2286 348 2334 ἦ
377 2310 418 2314 -
449 2287 595 2323 πολλὰ
640 2303 694 2323 αν
737 2302 866 2333 περι-

193 2334 372 2380 εσκέψω
391 2334 449 2380 -]
478 2344 525 2368 311
542 2353 584 2358 -
602 2334 720 2368 multa
743 2335 867 2368 tecum

190 2392 270 2425 ipse
306 2379 556 2425 reputavisses
596 2380 635 2413 et
665 2378 868 2413 amicorum

191 2426 559 2471 propinquorumque
586 2423 777 2458 consilium
804 2424 867 2458 ad-

192 2471 339 2506 hiberes
365 2491 417 2503 —.

241 2521 290 2550 15.
314 2513 362 2560 τὴ
377 2530 397 2550 ν
416 2513 586 2568 ψυχήν]
602 2513 869 2558 Explicationis

193 2572 306 2596 causa
317 2571 526 2606 pronomini
540 2556 560 2616 6
556 2557 786 2593 adiunctum
801 2561 868 2602 est,

193 2607 234 2641 ut
257 2618 294 2663 Ρ.
322 2610 387 2641 339
413 2606 444 2639 A
478 2605 565 2649 περὶ
595 2605 662 2639 τοῦ
695 2602 813 2639 αὐτοῦ
834 2632 839 2638 .
861 2630 868 2637 .

191 2652 278 2694 περι
292 2653 364 2701 τῆς
389 2647 538 2701 ἀρετῆς
557 2654 621 2685 351
637 2651 680 2688 Α
695 2654 759 2685 353
774 2649 799 2684 C
819 2649 866 2683 al.

192 2695 365 2731 Proxima
401 2697 453 2730 sio
487 2695 694 2738 intelligas:
739 2696 783 2730 et
818 2705 868 2729 ex

193 2752 280 2784 quo
321 2741 506 2786 pendet,
547 2741 595 2774 ut
612 2708 749 2775 gbene
790 2740 869 2774 aut

193 2785 307 2821 male
347 2786 548 2821 habeant
583 2786 661 2820 tua
697 2785 864 2828 omnia,

195 2830 231 2864 si
253 2831 414 2865 bonum
440 2832 515 2866 aut
531 2831 693 2865 malum
711 2841 866 2865 evase-

195 2876 267 2910 rit.
295 2875 353 2910 Sic
384 2876 444 2910 Eu
457 2887 538 2920 r1p,
564 2875 701 2913 Alcest.
728 2888 761 2912 v.
785 2878 865 2910 289:

934 1960 1071 1997 τούτου
1102 1964 1279 1997 iteratum
1313 1966 1383 2006 est,
1418 1964 1509 1998 nihil
1541 1965 1612 2000 hoc

933 2008 1111 2051 loquendi
1136 2019 1272 2052 genere
1297 2008 1549 2052 frequentius,
1575 2022 1609 2044 v.

934 2053 1032 2088 inira
1055 2065 1092 2098 Ρ.
1119 2057 1184 2088 325
1201 2053 1242 2095 B,
1269 2058 1393 2090 annot.
1421 2054 1468 2088 ad
1493 2037 1610 2089 Ph’ae-

938 2098 1022 2133 don.
1036 2110 1071 2143 p.
1087 2102 1129 2133 78
1145 2097 1183 2133 C.
1206 2098 1389 2132 Alcibiad.
1404 2099 1428 2135 I.
1444 2111 1479 2143 p.
1496 2104 1558 2135 109
1567 2102 1610 2138 A.

934 2143 1084 2225 {siche-t.
1100 2156 1135 2188 Ρ,
1153 2147 1215 2178 194
1224 2143 1267 2177 D.
1295 2144 1396 2178 Haeo
1409 2144 1484 2179 fere
1499 2144 1607 2179 Stall-

964 2200 1048 2223 aum

985 2249 1035 2279 17.
1076 2245 1132 2291 τῷ
1173 2245 1330 2290 πατρὶ]
1374 2244 1611 2290 Hippocratis

937 2289 1037 2334 patri
1071 2282 1207 2324 n6men
1243 2290 1354 2324 fuisse
1385 2290 1610 2335 Apollodoro

937 2345 1050 2379 supra
1067 2337 1116 2378 (p
1135 2338 1200 2369 310
1217 2336 1263 2378 A)
1283 2336 1525 2370 memoratum
1543 2336 1610 2378 est,

937 2380 1001 2414 sed
1019 2390 1103 2414 eum
1120 2379 1257 2422 vivere,
1282 2380 1320 2415 id.
1337 2380 1487 2423 quidem
1511 2380 1612 2415 haud

937 2435 1024 2459 sane
1064 2424 1173 2459 facile
1214 2424 1295 2467 quis
1333 2436 1376 2460 ex
1412 2426 1473 2468 iis,
1514 2436 1610 2468 quae

937 2471 1090 2505 narrata
1119 2471 1220 2513 sunt,
1258 2470 1435 2514 colligere
1471 2471 1609 2514 potuit;

938 2515 1031 2550 adeo
1057 2515 1154 2560 apud
1175 2515 1336 2550 Graecos
1359 2515 1513 2560 indigna
1530 2516 1610 2550 erat

937 2559 1055 2611 patris
1074 2560 1256 2594 condicio.
1288 2561 1430 2595 Acerbe
1449 2571 1609 2614 conque-

938 2605 1031 2640 ritur
1056 2605 1272 2663 Dionysius,
1265 2605 1347 2640 Hal.
1357 2605 1402 2647 II,
1411 2609 1470 2639 26:
1488 2602 1609 2640 πολλοὶ

939 2647 979 2685 ἐν
1010 2646 1188 2705 Έλλησιν
1238 2649 1291 2691 εἰς
1326 2649 1494 2694 πατέρας
1533 2646 1608 2686 ὑπὸ

938 2696 1078 2730 τέκνων
1111 2693 1404 2740 ἀσχημονεῖται,
1437 2706 1499 2739 qm
1530 2695 1608 2731 eius

937 2741 991 2774 rei
1022 2741 1105 2785 culp
1109 2752 1169 2775 am
1200 2741 1325 2785 legum
1349 2741 1529 2775 latoribus
1555 2746 1608 2775 at-

937 2785 1070 2820 tribuit
1082 2753 1258 2820 pbrevius
1281 2787 1428 2831 tempus
1463 2786 1608 2830 patriae
1661 2813 1665 2821 .

936 2830 1135 2910 Ρεέήεείῑπὴ
1158 2831 1195 2865 111
1220 2831 1357 2866 liberos
1383 2831 1609 2865 constituen-

954 2887 965 2908 1
995 2887 1036 2909 us
