<?xml version="1.0" encoding="UTF-8"?>
<!DOCTYPE html PUBLIC "-//W3C//DTD XHTML 1.0 Transitional//EN"
    "http://www.w3.org/TR/xhtml1/DTD/xhtml1-transitional.dtd">
<html xmlns="http://www.w3.org/1999/xhtml" xml:lang="en" lang="en">
 <head>
  <title>
</title>
<meta http-equiv="Content-Type" content="text/html;charset=utf-8" />
  <meta name='ocr-system' content='tesseract 3.04.00' />
  <meta name='ocr-capabilities' content='ocr_page ocr_carea ocr_par ocr_line ocrx_word'/>
</head>
<body>
  <div class='ocr_page' id='page_1' title='image "./protagorascumpro00platuoft/protagorascumpro00platuoft_0179.png"; bbox 0 0 1907 3230; ppageno 0'>
   <div class='ocr_carea' id='block_1_1' title="bbox 575 178 1573 223">
    <p class='ocr_par' dir='ltr' id='par_1_1' title="bbox 575 178 1573 223">
     <span class='ocr_line' id='line_1_1' title="bbox 575 178 1573 223; baseline 0.003 -9"><span class='ocrx_word' id='word_1_1' title='bbox 575 178 910 216; x_wconf 76' lang='lat' dir='ltr'>PROTAGORAS.</span> <span class='ocrx_word' id='word_1_2' title='bbox 937 178 977 213; x_wconf 89' lang='lat' dir='ltr'><em>P.</em></span> <span class='ocrx_word' id='word_1_3' title='bbox 1003 183 1067 214; x_wconf 86' lang='lat'><em>352</em></span> <span class='ocrx_word' id='word_1_4' title='bbox 1093 178 1160 214; x_wconf 82' lang='lat' dir='ltr'><em>ST.</em></span> <span class='ocrx_word' id='word_1_5' title='bbox 1495 181 1573 223; x_wconf 83' lang='grc'><em>167</em></span> 
     </span>
    </p>
   </div>
   <div class='ocr_carea' id='block_1_2' title="bbox 99 279 1627 1677">
    <p class='ocr_par' dir='ltr' id='par_1_2' title="bbox 99 279 1627 1677">
     <span class='ocr_line' id='line_1_2' title="bbox 157 279 1575 338; baseline -0.001 -15"><span class='ocrx_word' id='word_1_6' title='bbox 157 281 255 324; x_wconf 74' lang='grc' dir='ltr'><em>τοτὲ</em></span> <span class='ocrx_word' id='word_1_7' title='bbox 293 282 341 324; x_wconf 74' lang='grc' dir='ltr'><em>δὲ</em></span> <span class='ocrx_word' id='word_1_8' title='bbox 378 281 567 338; x_wconf 78' lang='grc' dir='ltr'><em>ἡδονήν,</em></span> <span class='ocrx_word' id='word_1_9' title='bbox 605 282 703 323; x_wconf 81' lang='grc' dir='ltr'><em>τοτὲ</em></span> <span class='ocrx_word' id='word_1_10' title='bbox 735 281 783 323; x_wconf 80' lang='grc' dir='ltr'><em>δὲ</em></span> <span class='ocrx_word' id='word_1_11' title='bbox 816 282 981 334; x_wconf 76' lang='grc' dir='ltr'><em>λύπην,</em></span> <span class='ocrx_word' id='word_1_12' title='bbox 1015 280 1158 321; x_wconf 86' lang='grc' dir='ltr'><em>ε’νίοτε</em></span> <span class='ocrx_word' id='word_1_13' title='bbox 1190 279 1239 320; x_wconf 81' lang='grc' dir='ltr'><em>δὲ</em></span> <span class='ocrx_word' id='word_1_14' title='bbox 1270 281 1431 334; x_wconf 80' lang='grc' dir='ltr'><em>ἔρωτα,</em></span> <span class='ocrx_word' id='word_1_15' title='bbox 1464 284 1575 322; x_wconf 86' lang='grc' dir='ltr'><em>πολ-</em></span> 
     </span>
     <span class='ocr_line' id='line_1_3' title="bbox 156 345 1575 404; baseline -0.001 -14"><span class='ocrx_word' id='word_1_16' title='bbox 156 350 282 398; x_wconf 84' lang='grc' dir='ltr'><em>λάκις</em></span> <span class='ocrx_word' id='word_1_17' title='bbox 314 349 360 391; x_wconf 78' lang='grc' dir='ltr'><em>δὲ</em></span> <span class='ocrx_word' id='word_1_18' title='bbox 392 350 553 404; x_wconf 87' lang='grc' dir='ltr'><em>φόβον,</em></span> <span class='ocrx_word' id='word_1_19' title='bbox 587 347 780 402; x_wconf 75' lang='grc' dir='ltr'><em>ἀτεχνῶς</em></span> <span class='ocrx_word' id='word_1_20' title='bbox 810 346 1125 400; x_wconf 81' lang='grc' dir='ltr'><em>διανοούμενοι</em></span> <span class='ocrx_word' id='word_1_21' title='bbox 1156 347 1256 400; x_wconf 80' lang='grc' dir='ltr'><em>περὶ</em></span> <span class='ocrx_word' id='word_1_22' title='bbox 1286 349 1364 401; x_wconf 84' lang='grc' dir='ltr'><em>τῆς</em></span> <span class='ocrx_word' id='word_1_23' title='bbox 1395 345 1575 402; x_wconf 85' lang='grc' dir='ltr'><em>ἐπιστη-</em></span> 
     </span>
     <span class='ocr_line' id='line_1_4' title="bbox 154 411 1627 491; baseline -0.003 -32"><span class='ocrx_word' id='word_1_24' title='bbox 154 432 257 471; x_wconf 83' lang='grc' dir='ltr'><em>μης,</em></span> <span class='ocrx_word' id='word_1_25' title='bbox 297 414 443 471; x_wconf 76' lang='grc' dir='ltr'><em>ὥσπερ</em></span> <span class='ocrx_word' id='word_1_26' title='bbox 483 416 585 469; x_wconf 84' lang='grc' dir='ltr'><em>περὶ</em></span> <span class='ocrx_word' id='word_1_27' title='bbox 622 413 936 469; x_wconf 75' lang='grc' dir='ltr'><em>ἀνδραπόδου,</em></span> <span class='ocrx_word' id='word_1_28' title='bbox 981 413 1326 491; x_wconf 82' lang='grc' dir='ltr'><em>περιελκομένης</em></span> <span class='ocrx_word' id='word_1_29' title='bbox 1361 411 1459 456; x_wconf 81' lang='grc' dir='ltr'><em>ὑπὸ</em></span> <span class='ocrx_word' id='word_1_30' title='bbox 1485 430 1576 455; x_wconf 90' lang='grc' dir='ltr'><em>των</em></span> <span class='ocrx_word' id='word_1_31' title='bbox 1601 426 1627 462; x_wconf 80' lang='lat' dir='ltr'>C</span> 
     </span>
     <span class='ocr_line' id='line_1_5' title="bbox 155 479 1577 536; baseline -0.002 -11"><span class='ocrx_word' id='word_1_32' title='bbox 155 481 305 525; x_wconf 71' lang='grc' dir='ltr'><em>ἄλλων</em></span> <span class='ocrx_word' id='word_1_33' title='bbox 336 483 559 525; x_wconf 83' lang='grc' dir='ltr'><em>ἁπάντων.</em></span> <span class='ocrx_word' id='word_1_34' title='bbox 604 480 670 536; x_wconf 84' lang='grc' dir='ltr'><em>ἀρ’</em></span> <span class='ocrx_word' id='word_1_35' title='bbox 705 483 790 523; x_wconf 86' lang='grc' dir='ltr'><em>οὐν</em></span> <span class='ocrx_word' id='word_1_36' title='bbox 820 496 894 522; x_wconf 86' lang='grc' dir='ltr'><em>και</em></span> <span class='ocrx_word' id='word_1_37' title='bbox 926 481 997 521; x_wconf 86' lang='grc' dir='ltr'><em>σοὶ</em></span> <span class='ocrx_word' id='word_1_38' title='bbox 1027 479 1233 521; x_wconf 86' lang='grc' dir='ltr'><em>τοιοῦτόν</em></span> <span class='ocrx_word' id='word_1_39' title='bbox 1253 496 1295 522; x_wconf 86' lang='grc' dir='ltr'><em>τι</em></span> <span class='ocrx_word' id='word_1_40' title='bbox 1316 483 1418 534; x_wconf 85' lang='grc' dir='ltr'><em>περὶ</em></span> <span class='ocrx_word' id='word_1_41' title='bbox 1439 479 1577 535; x_wconf 83' lang='grc' dir='ltr'><em>αὐτῆς</em></span> 
     </span>
     <span class='ocr_line' id='line_1_6' title="bbox 112 541 1576 605; baseline -0.001 -13"><span class='ocrx_word' id='word_1_42' title='bbox 112 569 130 595; x_wconf 82' lang='lat'><strong>5</strong></span> <span class='ocrx_word' id='word_1_43' title='bbox 155 550 292 603; x_wconf 79' lang='grc' dir='ltr'><em>δοκεῖ,</em></span> <span class='ocrx_word' id='word_1_44' title='bbox 324 549 354 605; x_wconf 76' lang='grc' dir='ltr'><em>ἢ</em></span> <span class='ocrx_word' id='word_1_45' title='bbox 384 549 524 592; x_wconf 82' lang='grc' dir='ltr'><em>καλόν</em></span> <span class='ocrx_word' id='word_1_46' title='bbox 545 564 592 590; x_wconf 87' lang='grc' dir='ltr'><em>τε</em></span> <span class='ocrx_word' id='word_1_47' title='bbox 623 545 738 590; x_wconf 82' lang='grc' dir='ltr'><em>εἶναι</em></span> <span class='ocrx_word' id='word_1_48' title='bbox 766 546 792 602; x_wconf 88' lang='grc' dir='ltr'><em>ἡ</em></span> <span class='ocrx_word' id='word_1_49' title='bbox 828 547 1045 601; x_wconf 84' lang='grc' dir='ltr'><em>ἐπιστήμη</em></span> <span class='ocrx_word' id='word_1_50' title='bbox 1077 547 1151 588; x_wconf 82' lang='grc' dir='ltr'><em>καὶ</em></span> <span class='ocrx_word' id='word_1_51' title='bbox 1181 541 1280 592; x_wconf 84' lang='grc' dir='ltr'><em>οἷον</em></span> <span class='ocrx_word' id='word_1_52' title='bbox 1310 546 1465 602; x_wconf 87' lang='grc' dir='ltr'><em>άρχειν</em></span> <span class='ocrx_word' id='word_1_53' title='bbox 1495 551 1576 590; x_wconf 87' lang='grc' dir='ltr'><em>τοῦ</em></span> 
     </span>
     <span class='ocr_line' id='line_1_7' title="bbox 155 613 1574 672; baseline -0.001 -14"><span class='ocrx_word' id='word_1_54' title='bbox 155 616 415 672; x_wconf 76' lang='grc' dir='ltr'><em>ἀνθρώπου,</em></span> <span class='ocrx_word' id='word_1_55' title='bbox 448 616 519 658; x_wconf 84' lang='grc' dir='ltr'><em>καὶ</em></span> <span class='ocrx_word' id='word_1_56' title='bbox 545 614 711 669; x_wconf 82' lang='grc' dir='ltr'><em>ἐάνπερ</em></span> <span class='ocrx_word' id='word_1_57' title='bbox 733 614 963 670; x_wconf 74' lang='grc' dir='ltr'><em>γιγνώσκῃ</em></span> <span class='ocrx_word' id='word_1_58' title='bbox 986 630 1049 663; x_wconf 85' lang='grc' dir='ltr'><em>τις</em></span> <span class='ocrx_word' id='word_1_59' title='bbox 1073 613 1249 668; x_wconf 82' lang='grc' dir='ltr'><em>τάγαθὰ</em></span> <span class='ocrx_word' id='word_1_60' title='bbox 1270 614 1344 656; x_wconf 82' lang='grc' dir='ltr'><em>καὶ</em></span> <span class='ocrx_word' id='word_1_61' title='bbox 1365 613 1418 657; x_wconf 87' lang='grc' dir='ltr'><em>τά</em></span> <span class='ocrx_word' id='word_1_62' title='bbox 1439 614 1574 670; x_wconf 87' lang='grc' dir='ltr'><em>κακά,</em></span> 
     </span>
     <span class='ocr_line' id='line_1_8' title="bbox 153 680 1576 763; baseline -0.002 -36"><span class='ocrx_word' id='word_1_63' title='bbox 153 683 211 739; x_wconf 82' lang='grc' dir='ltr'><em>μὴ</em></span> <span class='ocrx_word' id='word_1_64' title='bbox 245 682 301 726; x_wconf 74' lang='grc' dir='ltr'><em>ἄν</em></span> <span class='ocrx_word' id='word_1_65' title='bbox 331 686 614 763; x_wconf 81' lang='grc' dir='ltr'><em>κρατηθῆναι</em></span> <span class='ocrx_word' id='word_1_66' title='bbox 643 680 731 724; x_wconf 84' lang='grc' dir='ltr'><em>ὑπὸ</em></span> <span class='ocrx_word' id='word_1_67' title='bbox 763 683 972 736; x_wconf 82' lang='grc' dir='ltr'><em>μηδενός,</em></span> <span class='ocrx_word' id='word_1_68' title='bbox 1005 680 1118 723; x_wconf 71' lang='grc' dir='ltr'><em>ὥστε</em></span> <span class='ocrx_word' id='word_1_69' title='bbox 1148 680 1249 723; x_wconf 80' lang='grc' dir='ltr'><em>ἄλλ’</em></span> <span class='ocrx_word' id='word_1_70' title='bbox 1290 680 1395 723; x_wconf 82' lang='grc' dir='ltr'><em>ἄττα</em></span> <span class='ocrx_word' id='word_1_71' title='bbox 1433 683 1576 736; x_wconf 89' lang='grc' dir='ltr'><em>πράτ-</em></span> 
     </span>
     <span class='ocr_line' id='line_1_9' title="bbox 153 746 1576 805; baseline -0.001 -12"><span class='ocrx_word' id='word_1_72' title='bbox 153 767 248 793; x_wconf 88' lang='grc' dir='ltr'><em>τειν</em></span> <span class='ocrx_word' id='word_1_73' title='bbox 284 748 313 805; x_wconf 76' lang='grc' dir='ltr'><em>ἢ</em></span> <span class='ocrx_word' id='word_1_74' title='bbox 352 749 409 792; x_wconf 69' lang='grc' dir='ltr'><em>ἂν</em></span> <span class='ocrx_word' id='word_1_75' title='bbox 443 748 470 804; x_wconf 86' lang='grc' dir='ltr'><em>ἡ</em></span> <span class='ocrx_word' id='word_1_76' title='bbox 511 749 728 804; x_wconf 83' lang='grc' dir='ltr'><em>ἐπιστήμη</em></span> <span class='ocrx_word' id='word_1_77' title='bbox 766 751 951 804; x_wconf 78' lang='grc' dir='ltr'><em>κελεύῃ,</em></span> <span class='ocrx_word' id='word_1_78' title='bbox 995 747 1099 790; x_wconf 76' lang='grc' dir='ltr'><em>ἀλλ’</em></span> <span class='ocrx_word' id='word_1_79' title='bbox 1140 748 1300 804; x_wconf 83' lang='grc' dir='ltr'><em>ικανὴν</em></span> <span class='ocrx_word' id='word_1_80' title='bbox 1339 746 1451 791; x_wconf 81' lang='grc' dir='ltr'><em>εἶναι</em></span> <span class='ocrx_word' id='word_1_81' title='bbox 1493 747 1576 804; x_wconf 81' lang='grc' dir='ltr'><em>τήν</em></span> 
     </span>
     <span class='ocr_line' id='line_1_10' title="bbox 154 815 1575 897; baseline -0.002 -36"><span class='ocrx_word' id='word_1_82' title='bbox 154 819 380 897; x_wconf 80' lang='grc' dir='ltr'><em>φρόνησιν</em></span> <span class='ocrx_word' id='word_1_83' title='bbox 400 820 591 872; x_wconf 84' lang='grc' dir='ltr'><em>βοηθειν</em></span> <span class='ocrx_word' id='word_1_84' title='bbox 620 819 682 871; x_wconf 76' lang='grc' dir='ltr'><em>τῷ</em></span> <span class='ocrx_word' id='word_1_85' title='bbox 713 815 960 871; x_wconf 78' lang='grc' dir='ltr'><em>ἀνθρώπῳ;</em></span> <span class='ocrx_word' id='word_1_86' title='bbox 992 815 1086 858; x_wconf 83' lang='grc' dir='ltr'><em>Καὶ</em></span> <span class='ocrx_word' id='word_1_87' title='bbox 1119 817 1256 870; x_wconf 81' lang='grc' dir='ltr'><em>δοκει,</em></span> <span class='ocrx_word' id='word_1_88' title='bbox 1289 819 1390 871; x_wconf 86' lang='grc' dir='ltr'><em>ἔφη,</em></span> <span class='ocrx_word' id='word_1_89' title='bbox 1422 816 1575 871; x_wconf 72' lang='grc' dir='ltr'><em>ὥσπερ</em></span> 
     </span>
     <span class='ocr_line' id='line_1_11' title="bbox 99 881 1627 940; baseline -0.001 -11"><span class='ocrx_word' id='word_1_90' title='bbox 99 904 132 929; x_wconf 95' lang='grc' dir='ltr'><em>ιο</em></span> <span class='ocrx_word' id='word_1_91' title='bbox 155 883 211 927; x_wconf 80' lang='grc' dir='ltr'>σύ</span> <span class='ocrx_word' id='word_1_92' title='bbox 235 886 391 939; x_wconf 84' lang='grc' dir='ltr'><em>λέγεις,</em></span> <span class='ocrx_word' id='word_1_93' title='bbox 414 886 447 927; x_wconf 78' lang='grc' dir='ltr'><em>ὤ</em></span> <span class='ocrx_word' id='word_1_94' title='bbox 472 883 724 939; x_wconf 74' lang='grc' dir='ltr'><em>Σώκρατες,</em></span> <span class='ocrx_word' id='word_1_95' title='bbox 757 884 831 925; x_wconf 82' lang='grc' dir='ltr'><em>καὶ</em></span> <span class='ocrx_word' id='word_1_96' title='bbox 852 881 955 938; x_wconf 80' lang='grc' dir='ltr'><em>ἅμα,</em></span> <span class='ocrx_word' id='word_1_97' title='bbox 989 887 1112 938; x_wconf 77' lang='grc' dir='ltr'><em>εἴπερ</em></span> <span class='ocrx_word' id='word_1_98' title='bbox 1133 899 1194 939; x_wconf 80' lang='grc' dir='ltr'><em>τῳ</em></span> <span class='ocrx_word' id='word_1_99' title='bbox 1215 881 1353 940; x_wconf 77' lang='grc' dir='ltr'><em>ἄλλῳ,</em></span> <span class='ocrx_word' id='word_1_100' title='bbox 1385 885 1571 939; x_wconf 84' lang='grc' dir='ltr'><em>αἰσχρόν</em></span> <span class='ocrx_word' id='word_1_101' title='bbox 1596 900 1627 934; x_wconf 86' lang='lat' dir='ltr'>D</span> 
     </span>
     <span class='ocr_line' id='line_1_12' title="bbox 154 949 1575 1006; baseline -0.001 -12"><span class='ocrx_word' id='word_1_102' title='bbox 154 952 247 995; x_wconf 85' lang='grc' dir='ltr'><em>ἐστι</em></span> <span class='ocrx_word' id='word_1_103' title='bbox 285 952 359 994; x_wconf 85' lang='grc' dir='ltr'><em>καὶ</em></span> <span class='ocrx_word' id='word_1_104' title='bbox 401 950 497 1006; x_wconf 85' lang='grc' dir='ltr'><em>ἐμοὶ</em></span> <span class='ocrx_word' id='word_1_105' title='bbox 536 953 702 1005; x_wconf 86' lang='grc' dir='ltr'><em>σοφίαν</em></span> <span class='ocrx_word' id='word_1_106' title='bbox 740 949 814 992; x_wconf 84' lang='grc' dir='ltr'><em>καὶ</em></span> <span class='ocrx_word' id='word_1_107' title='bbox 854 951 1101 1005; x_wconf 83' lang='grc' dir='ltr'><em>ἐπιστήμην</em></span> <span class='ocrx_word' id='word_1_108' title='bbox 1143 949 1201 1005; x_wconf 84' lang='grc' dir='ltr'><em>μὴ</em></span> <span class='ocrx_word' id='word_1_109' title='bbox 1247 949 1347 1006; x_wconf 82' lang='grc' dir='ltr'><em>οὐχὶ</em></span> <span class='ocrx_word' id='word_1_110' title='bbox 1393 952 1575 994; x_wconf 87' lang='grc' dir='ltr'><em>πάντων</em></span> 
     </span>
     <span class='ocr_line' id='line_1_13' title="bbox 153 1015 1572 1073; baseline 0 -12"><span class='ocrx_word' id='word_1_111' title='bbox 153 1019 394 1073; x_wconf 87' lang='grc' dir='ltr'><em>κράτιστον</em></span> <span class='ocrx_word' id='word_1_112' title='bbox 436 1018 576 1073; x_wconf 89' lang='grc' dir='ltr'><em>φάναι</em></span> <span class='ocrx_word' id='word_1_113' title='bbox 628 1015 743 1060; x_wconf 81' lang='grc' dir='ltr'><em>εἶναι</em></span> <span class='ocrx_word' id='word_1_114' title='bbox 793 1021 884 1059; x_wconf 78' lang='grc' dir='ltr'><em>τῶν</em></span> <span class='ocrx_word' id='word_1_115' title='bbox 934 1016 1235 1070; x_wconf 74' lang='grc' dir='ltr'><em>ἀνθρωπείων</em></span> <span class='ocrx_word' id='word_1_116' title='bbox 1285 1018 1572 1073; x_wconf 81' lang='grc' dir='ltr'><em>πραγμάτων.</em></span> 
     </span>
     <span class='ocr_line' id='line_1_14' title="bbox 152 1081 1576 1140; baseline 0 -13"><span class='ocrx_word' id='word_1_117' title='bbox 152 1086 311 1135; x_wconf 75' lang='grc' dir='ltr'><em>Καλῶς</em></span> <span class='ocrx_word' id='word_1_118' title='bbox 341 1101 406 1140; x_wconf 84' lang='grc' dir='ltr'><em>γε,</em></span> <span class='ocrx_word' id='word_1_119' title='bbox 439 1087 554 1140; x_wconf 85' lang='grc' dir='ltr'><em>ἔφην</em></span> <span class='ocrx_word' id='word_1_120' title='bbox 586 1086 689 1139; x_wconf 79' lang='grc' dir='ltr'><em>ἐγώ,</em></span> <span class='ocrx_word' id='word_1_121' title='bbox 722 1082 778 1126; x_wconf 84' lang='grc' dir='ltr'><strong>σύ</strong></span> <span class='ocrx_word' id='word_1_122' title='bbox 809 1086 951 1138; x_wconf 88' lang='grc' dir='ltr'><em>λέγων</em></span> <span class='ocrx_word' id='word_1_123' title='bbox 982 1085 1056 1126; x_wconf 78' lang='grc' dir='ltr'><em>καὶ</em></span> <span class='ocrx_word' id='word_1_124' title='bbox 1095 1083 1255 1140; x_wconf 87' lang='grc' dir='ltr'><em>ἀληθῆ.</em></span> <span class='ocrx_word' id='word_1_125' title='bbox 1316 1083 1451 1128; x_wconf 84' lang='grc' dir='ltr'><em>οἶσθα</em></span> <span class='ocrx_word' id='word_1_126' title='bbox 1490 1081 1576 1129; x_wconf 79' lang='grc' dir='ltr'><em>οὖν</em></span> 
     </span>
     <span class='ocr_line' id='line_1_15' title="bbox 153 1150 1575 1207; baseline 0.001 -12"><span class='ocrx_word' id='word_1_127' title='bbox 153 1151 219 1195; x_wconf 79' lang='grc' dir='ltr'><em>ὅτι</em></span> <span class='ocrx_word' id='word_1_128' title='bbox 259 1154 307 1196; x_wconf 78' lang='grc' dir='ltr'><em>οἱ</em></span> <span class='ocrx_word' id='word_1_129' title='bbox 338 1153 495 1195; x_wconf 85' lang='grc' dir='ltr'><em>πολλοὶ</em></span> <span class='ocrx_word' id='word_1_130' title='bbox 533 1156 625 1194; x_wconf 79' lang='grc' dir='ltr'><em>τῶν</em></span> <span class='ocrx_word' id='word_1_131' title='bbox 663 1150 920 1207; x_wconf 74' lang='grc' dir='ltr'><em>ἀνθρώπων</em></span> <span class='ocrx_word' id='word_1_132' title='bbox 959 1153 1061 1206; x_wconf 85' lang='grc' dir='ltr'><em>ἐμοί</em></span> <span class='ocrx_word' id='word_1_133' title='bbox 1094 1168 1141 1194; x_wconf 90' lang='grc' dir='ltr'><em>τε</em></span> <span class='ocrx_word' id='word_1_134' title='bbox 1178 1153 1252 1194; x_wconf 85' lang='grc' dir='ltr'><em>καὶ</em></span> <span class='ocrx_word' id='word_1_135' title='bbox 1291 1154 1362 1195; x_wconf 84' lang='grc' dir='ltr'><em>σοὶ</em></span> <span class='ocrx_word' id='word_1_136' title='bbox 1393 1153 1447 1196; x_wconf 82' lang='grc' dir='ltr'><em>οὐ</em></span> <span class='ocrx_word' id='word_1_137' title='bbox 1477 1157 1575 1196; x_wconf 89' lang='grc' dir='ltr'><em>πεί-</em></span> 
     </span>
     <span class='ocr_line' id='line_1_16' title="bbox 99 1217 1574 1275; baseline -0.001 -12"><span class='ocrx_word' id='word_1_138' title='bbox 99 1238 132 1265; x_wconf 87' lang='lat'><em>15</em></span> <span class='ocrx_word' id='word_1_139' title='bbox 153 1224 336 1274; x_wconf 80' lang='grc' dir='ltr'><em>θονται,</em></span> <span class='ocrx_word' id='word_1_140' title='bbox 376 1219 490 1262; x_wconf 86' lang='grc' dir='ltr'><em>ἀλλά</em></span> <span class='ocrx_word' id='word_1_141' title='bbox 529 1217 724 1268; x_wconf 88' lang='grc' dir='ltr'><em>πολλούς</em></span> <span class='ocrx_word' id='word_1_142' title='bbox 761 1230 872 1273; x_wconf 93' lang='grc' dir='ltr'><em>φασι</em></span> <span class='ocrx_word' id='word_1_143' title='bbox 908 1220 1243 1273; x_wconf 76' lang='grc' dir='ltr'><em>γιγνώσκοντας</em></span> <span class='ocrx_word' id='word_1_144' title='bbox 1277 1220 1331 1262; x_wconf 76' lang='grc' dir='ltr'><em>τὰ</em></span> <span class='ocrx_word' id='word_1_145' title='bbox 1369 1224 1574 1275; x_wconf 82' lang='grc' dir='ltr'><em>βέλτιστα</em></span> 
     </span>
     <span class='ocr_line' id='line_1_17' title="bbox 152 1284 1571 1342; baseline 0.001 -12"><span class='ocrx_word' id='word_1_146' title='bbox 152 1286 236 1330; x_wconf 83' lang='grc' dir='ltr'><em>οὐκ</em></span> <span class='ocrx_word' id='word_1_147' title='bbox 268 1289 444 1330; x_wconf 81' lang='grc' dir='ltr'><em>ἐθέλειν</em></span> <span class='ocrx_word' id='word_1_148' title='bbox 474 1287 700 1342; x_wconf 83' lang='grc' dir='ltr'><em>πράττειν,</em></span> <span class='ocrx_word' id='word_1_149' title='bbox 734 1285 835 1336; x_wconf 83' lang='grc' dir='ltr'><em>ἐξόν</em></span> <span class='ocrx_word' id='word_1_150' title='bbox 867 1284 1031 1340; x_wconf 76' lang='grc' dir='ltr'><em>αὐτοῖς,</em></span> <span class='ocrx_word' id='word_1_151' title='bbox 1065 1285 1178 1328; x_wconf 84' lang='grc' dir='ltr'><em>ἀλλά</em></span> <span class='ocrx_word' id='word_1_152' title='bbox 1212 1286 1325 1329; x_wconf 76' lang='grc' dir='ltr'><em>ἄλλα</em></span> <span class='ocrx_word' id='word_1_153' title='bbox 1346 1288 1571 1342; x_wconf 87' lang='grc' dir='ltr'><em>πράττειν.</em></span> 
     </span>
     <span class='ocr_line' id='line_1_18' title="bbox 463 1352 1471 1369; baseline 0.003 -4"><span class='ocrx_word' id='word_1_154' title='bbox 463 1352 708 1369; x_wconf 57' lang='grc'><em>,,,,,</em></span> <span class='ocrx_word' id='word_1_155' title='bbox 851 1352 872 1366; x_wconf 49' lang='grc' dir='ltr'><em>μ,</em></span> <span class='ocrx_word' id='word_1_156' title='bbox 1461 1356 1471 1368; x_wconf 64' lang='grc'><em>.</em></span> 
     </span>
     <span class='ocr_line' id='line_1_19' title="bbox 150 1417 1627 1477; baseline 0.001 -13"><span class='ocrx_word' id='word_1_157' title='bbox 150 1420 238 1465; x_wconf 83' lang='grc' dir='ltr'><em>ὑπὸ</em></span> <span class='ocrx_word' id='word_1_158' title='bbox 279 1420 444 1476; x_wconf 82' lang='grc' dir='ltr'><em>ἡδονῆς</em></span> <span class='ocrx_word' id='word_1_159' title='bbox 483 1431 624 1474; x_wconf 89' lang='grc' dir='ltr'><em>φασιν</em></span> <span class='ocrx_word' id='word_1_160' title='bbox 660 1418 943 1475; x_wconf 80' lang='grc' dir='ltr'><em>ἡττωμένους</em></span> <span class='ocrx_word' id='word_1_161' title='bbox 980 1417 1011 1475; x_wconf 79' lang='grc' dir='ltr'><em>ή</em></span> <span class='ocrx_word' id='word_1_162' title='bbox 1049 1422 1192 1476; x_wconf 84' lang='grc' dir='ltr'><em>λύπης</em></span> <span class='ocrx_word' id='word_1_163' title='bbox 1228 1419 1257 1476; x_wconf 76' lang='grc' dir='ltr'><strong><em>ἦ</em></strong></span> <span class='ocrx_word' id='word_1_164' title='bbox 1296 1417 1361 1464; x_wconf 73' lang='grc' dir='ltr'><em>οἷν</em></span> <span class='ocrx_word' id='word_1_165' title='bbox 1397 1426 1486 1465; x_wconf 87' lang='grc' dir='ltr'><em>νῦν</em></span> <span class='ocrx_word' id='word_1_166' title='bbox 1518 1422 1572 1477; x_wconf 85' lang='grc' dir='ltr'><em>δὴ</em></span> <span class='ocrx_word' id='word_1_167' title='bbox 1598 1419 1627 1454; x_wconf 82' lang='grc' dir='ltr'><strong>Ε</strong></span> 
     </span>
     <span class='ocr_line' id='line_1_20' title="bbox 152 1487 1575 1543; baseline -0.001 -11"><span class='ocrx_word' id='word_1_168' title='bbox 152 1488 238 1543; x_wconf 79' lang='grc' dir='ltr'><em>ἐγώ</em></span> <span class='ocrx_word' id='word_1_169' title='bbox 262 1491 432 1542; x_wconf 76' lang='grc' dir='ltr'><em>ἔλεγον,</em></span> <span class='ocrx_word' id='word_1_170' title='bbox 464 1487 553 1530; x_wconf 84' lang='grc' dir='ltr'><em>ὑπό</em></span> <span class='ocrx_word' id='word_1_171' title='bbox 573 1504 693 1536; x_wconf 87' lang='grc' dir='ltr'><em>τινος</em></span> <span class='ocrx_word' id='word_1_172' title='bbox 714 1487 888 1529; x_wconf 87' lang='grc' dir='ltr'><em>τούτων</em></span> <span class='ocrx_word' id='word_1_173' title='bbox 910 1489 1245 1543; x_wconf 83' lang='grc' dir='ltr'><em>κρατουμένους</em></span> <span class='ocrx_word' id='word_1_174' title='bbox 1265 1493 1405 1531; x_wconf 88' lang='grc' dir='ltr'><em>ταῦτα</em></span> <span class='ocrx_word' id='word_1_175' title='bbox 1426 1497 1575 1532; x_wconf 80' lang='grc' dir='ltr'><em>ποιεῖν</em></span> 
     </span>
     <span class='ocr_line' id='line_1_21' title="bbox 102 1550 1573 1611; baseline 0 -12"><span class='ocrx_word' id='word_1_176' title='bbox 102 1575 137 1600; x_wconf 82' lang='lat'><em>20</em></span> <span class='ocrx_word' id='word_1_177' title='bbox 154 1555 259 1605; x_wconf 83' lang='grc' dir='ltr'><em>τούς</em></span> <span class='ocrx_word' id='word_1_178' title='bbox 295 1558 548 1604; x_wconf 86' lang='grc' dir='ltr'><em>ποιοῦντας.</em></span> <span class='ocrx_word' id='word_1_179' title='bbox 607 1553 765 1597; x_wconf 78' lang='grc' dir='ltr'><em>Πολλά</em></span> <span class='ocrx_word' id='word_1_180' title='bbox 805 1553 889 1608; x_wconf 79' lang='grc' dir='ltr'><em>γὰρ</em></span> <span class='ocrx_word' id='word_1_181' title='bbox 929 1551 1072 1609; x_wconf 81' lang='grc' dir='ltr'><em>οἶμαι,</em></span> <span class='ocrx_word' id='word_1_182' title='bbox 1112 1558 1221 1611; x_wconf 81' lang='grc' dir='ltr'><em>ἔφη,</em></span> <span class='ocrx_word' id='word_1_183' title='bbox 1254 1550 1288 1598; x_wconf 73' lang='grc' dir='ltr'><em>ὦ</em></span> <span class='ocrx_word' id='word_1_184' title='bbox 1321 1556 1573 1611; x_wconf 76' lang='grc' dir='ltr'><em>Σώκρατες,</em></span> 
     </span>
     <span class='ocr_line' id='line_1_22' title="bbox 152 1621 1572 1677; baseline 0.001 -13"><span class='ocrx_word' id='word_1_185' title='bbox 152 1622 225 1665; x_wconf 84' lang='grc' dir='ltr'><em>καὶ</em></span> <span class='ocrx_word' id='word_1_186' title='bbox 272 1621 384 1664; x_wconf 75' lang='grc' dir='ltr'><em>ἄλλα</em></span> <span class='ocrx_word' id='word_1_187' title='bbox 429 1622 511 1665; x_wconf 83' lang='grc' dir='ltr'><em>οὐκ</em></span> <span class='ocrx_word' id='word_1_188' title='bbox 556 1621 704 1677; x_wconf 76' lang='grc' dir='ltr'><em>ὀρθῶς</em></span> <span class='ocrx_word' id='word_1_189' title='bbox 749 1622 961 1675; x_wconf 87' lang='grc' dir='ltr'><em>λέγουσιν</em></span> <span class='ocrx_word' id='word_1_190' title='bbox 1007 1623 1052 1664; x_wconf 79' lang='grc' dir='ltr'><em>οἱ</em></span> <span class='ocrx_word' id='word_1_191' title='bbox 1091 1623 1341 1676; x_wconf 77' lang='grc' dir='ltr'><em>ἄνθρωποι.</em></span> <span class='ocrx_word' id='word_1_192' title='bbox 1393 1623 1480 1666; x_wconf 86' lang='grc' dir='ltr'><em>Ἴθι</em></span> <span class='ocrx_word' id='word_1_193' title='bbox 1519 1623 1572 1677; x_wconf 80' lang='grc' dir='ltr'><em>δὴ</em></span> 
     </span>
    </p>
   </div>
   <div class='ocr_carea' id='block_1_3' title="bbox 150 1752 1571 1938">
    <p class='ocr_par' dir='ltr' id='par_1_3' title="bbox 150 1752 1571 1938">
     <span class='ocr_line' id='line_1_23' title="bbox 264 1752 1571 1814; baseline -0.002 -21"><span class='ocrx_word' id='word_1_194' title='bbox 264 1762 294 1795; x_wconf 92' lang='grc'>8</span> <span class='ocrx_word' id='word_1_195' title='bbox 321 1754 374 1792; x_wconf 77' lang='grc' dir='ltr'><em>ἂν</em></span> <span class='ocrx_word' id='word_1_196' title='bbox 401 1759 475 1792; x_wconf 82' lang='lat' dir='ltr'><em>Sau</em></span> <span class='ocrx_word' id='word_1_197' title='bbox 453 1768 567 1802; x_wconf 73' lang='grc' dir='ltr'><em>ιιιρο.</em></span> <span class='ocrx_word' id='word_1_198' title='bbox 595 1771 642 1792; x_wconf 82' lang='grc' dir='ltr'><em>αν</em></span> <span class='ocrx_word' id='word_1_199' title='bbox 666 1759 706 1798; x_wconf 85' lang='grc' dir='ltr'><em>Τ,</em></span> <span class='ocrx_word' id='word_1_200' title='bbox 734 1752 758 1791; x_wconf 77' lang='grc' dir='ltr'>ἂ</span> <span class='ocrx_word' id='word_1_201' title='bbox 785 1757 824 1797; x_wconf 85' lang='grc' dir='ltr'><em>Β,</em></span> <span class='ocrx_word' id='word_1_202' title='bbox 851 1757 952 1814; x_wconf 62' lang='lat' dir='ltr'><em>zquod</em></span> <span class='ocrx_word' id='word_1_203' title='bbox 970 1756 1066 1792; x_wconf 89' lang='lat' dir='ltr'>Cron</span> <span class='ocrx_word' id='word_1_204' title='bbox 1092 1757 1259 1792; x_wconf 77' lang='lat' dir='ltr'>defendit</span> <span class='ocrx_word' id='word_1_205' title='bbox 1284 1757 1366 1792; x_wconf 86' lang='lat' dir='ltr'>loco</span> <span class='ocrx_word' id='word_1_206' title='bbox 1385 1757 1571 1810; x_wconf 84' lang='lat' dir='ltr'><strong>Thucydi-</strong></span> 
     </span>
     <span class='ocr_line' id='line_1_24' title="bbox 150 1800 1571 1853; baseline -0.001 -15"><span class='ocrx_word' id='word_1_207' title='bbox 150 1804 221 1838; x_wconf 85' lang='lat' dir='ltr'><em>deo</em></span> <span class='ocrx_word' id='word_1_208' title='bbox 248 1803 436 1846; x_wconf 75' lang='lat' dir='ltr'>(IV17‚2)</span> <span class='ocrx_word' id='word_1_209' title='bbox 483 1800 667 1847; x_wconf 70' lang='grc' dir='ltr'><em>πιχοᾶριον</em></span> <span class='ocrx_word' id='word_1_210' title='bbox 693 1800 867 1846; x_wconf 84' lang='grc' dir='ltr'><em>ἡμῖν,ου</em></span> <span class='ocrx_word' id='word_1_211' title='bbox 894 1815 963 1844; x_wconf 89' lang='grc' dir='ltr'><em>μεν</em></span> <span class='ocrx_word' id='word_1_212' title='bbox 990 1803 1146 1853; x_wconf 75' lang='grc' dir='ltr'><em>βραχξις</em></span> <span class='ocrx_word' id='word_1_213' title='bbox 1172 1800 1313 1846; x_wconf 83' lang='grc' dir='ltr'><em>ἀρκῶσι</em></span> <span class='ocrx_word' id='word_1_214' title='bbox 1343 1800 1493 1847; x_wconf 83' lang='grc' dir='ltr'><em>(λόγοι),</em></span> <span class='ocrx_word' id='word_1_215' title='bbox 1520 1800 1571 1847; x_wconf 86' lang='grc' dir='ltr'><em>μὴ</em></span> 
     </span>
     <span class='ocr_line' id='line_1_25' title="bbox 150 1847 1571 1900; baseline 0 -18"><span class='ocrx_word' id='word_1_216' title='bbox 150 1850 306 1889; x_wconf 85' lang='grc' dir='ltr'><em>πολλοῖς</em></span> <span class='ocrx_word' id='word_1_217' title='bbox 344 1847 524 1900; x_wconf 80' lang='grc' dir='ltr'><em>χρῆσθαι,</em></span> <span class='ocrx_word' id='word_1_218' title='bbox 562 1847 627 1882; x_wconf 74' lang='lat' dir='ltr'><em>sed</em></span> <span class='ocrx_word' id='word_1_219' title='bbox 663 1858 759 1881; x_wconf 82' lang='lat' dir='ltr'>nunc</span> <span class='ocrx_word' id='word_1_220' title='bbox 797 1848 981 1892; x_wconf 77' lang='lat' dir='ltr'>scriptura</span> <span class='ocrx_word' id='word_1_221' title='bbox 1022 1847 1106 1881; x_wconf 90' lang='lat' dir='ltr'>libri</span> <span class='ocrx_word' id='word_1_222' title='bbox 1141 1847 1171 1880; x_wconf 88' lang='lat' dir='ltr'>T</span> <span class='ocrx_word' id='word_1_223' title='bbox 1209 1859 1336 1882; x_wconf 85' lang='lat' dir='ltr'>verum</span> <span class='ocrx_word' id='word_1_224' title='bbox 1373 1847 1571 1882; x_wconf 79' lang='lat' dir='ltr'>indicatur.</span> 
     </span>
     <span class='ocr_line' id='line_1_26' title="bbox 150 1889 725 1938; baseline -0.007 -10"><span class='ocrx_word' id='word_1_225' title='bbox 150 1891 173 1938; x_wconf 84' lang='grc' dir='ltr'>ἡ</span> <span class='ocrx_word' id='word_1_226' title='bbox 201 1891 436 1937; x_wconf 69' lang='grc' dir='ltr'><em>ἐπιστήμη</em></span> <span class='ocrx_word' id='word_1_227' title='bbox 463 1892 509 1926; x_wconf 85' lang='lat' dir='ltr'><em>B:</em></span> <span class='ocrx_word' id='word_1_228' title='bbox 536 1903 606 1926; x_wconf 86' lang='lat' dir='ltr'><em>om.</em></span> <span class='ocrx_word' id='word_1_229' title='bbox 632 1889 655 1935; x_wconf 78' lang='grc' dir='ltr'><em>ἡ</em></span> <span class='ocrx_word' id='word_1_230' title='bbox 682 1891 725 1925; x_wconf 90' lang='grc' dir='ltr'><em>Τ.</em></span> 
     </span>
    </p>
   </div>
   <div class='ocr_carea' id='block_1_4' title="bbox 149 2014 827 2914">
    <p class='ocr_par' dir='ltr' id='par_1_4' title="bbox 149 2014 826 2241">
     <span class='ocr_line' id='line_1_27' title="bbox 195 2014 823 2069; baseline -0.002 -18.985"><span class='ocrx_word' id='word_1_231' title='bbox 195 2022 226 2050; x_wconf 59' lang='grc' dir='ltr'><em>θ.</em></span> <span class='ocrx_word' id='word_1_232' title='bbox 252 2016 364 2069; x_wconf 84' lang='grc' dir='ltr'><em>περὶ</em></span> <span class='ocrx_word' id='word_1_233' title='bbox 396 2017 476 2059; x_wconf 86' lang='grc' dir='ltr'><em>τῆς</em></span> <span class='ocrx_word' id='word_1_234' title='bbox 508 2014 570 2050; x_wconf 81' lang='grc' dir='ltr'><em>ἐπ.</em></span> <span class='ocrx_word' id='word_1_235' title='bbox 588 2019 823 2058; x_wconf 82' lang='grc' dir='ltr'><em>-περιελ-</em></span> 
     </span>
     <span class='ocr_line' id='line_1_28' title="bbox 149 2059 826 2105; baseline 0 -10"><span class='ocrx_word' id='word_1_236' title='bbox 149 2059 366 2105; x_wconf 77' lang='grc' dir='ltr'><em>κομένης]</em></span> <span class='ocrx_word' id='word_1_237' title='bbox 400 2060 482 2094; x_wconf 82' lang='grc' dir='ltr'><em>Ηιιο</em></span> <span class='ocrx_word' id='word_1_238' title='bbox 512 2060 708 2094; x_wconf 85' lang='lat' dir='ltr'>referenda.</span> <span class='ocrx_word' id='word_1_239' title='bbox 742 2062 826 2095; x_wconf 80' lang='lat' dir='ltr'><strong>sunt</strong></span> 
     </span>
     <span class='ocr_line' id='line_1_29' title="bbox 150 2105 824 2140; baseline 0.002 -1"><span class='ocrx_word' id='word_1_240' title='bbox 150 2106 267 2139; x_wconf 83' lang='lat' dir='ltr'>verba</span> <span class='ocrx_word' id='word_1_241' title='bbox 308 2105 582 2139; x_wconf 69' lang='lat' dir='ltr'>Aristotelis</span> <span class='ocrx_word' id='word_1_242' title='bbox 619 2105 704 2139; x_wconf 74' lang='lat' dir='ltr'>Eth.</span> <span class='ocrx_word' id='word_1_243' title='bbox 745 2106 824 2140; x_wconf 83' lang='lat' dir='ltr'>Nic.</span> 
     </span>
     <span class='ocr_line' id='line_1_30' title="bbox 150 2143 826 2202; baseline 0 -17"><span class='ocrx_word' id='word_1_244' title='bbox 150 2150 219 2185; x_wconf 88' lang='lat' dir='ltr'><em>VII</em></span> <span class='ocrx_word' id='word_1_245' title='bbox 246 2155 264 2185; x_wconf 85' lang='lat'><strong>3</strong></span> <span class='ocrx_word' id='word_1_246' title='bbox 297 2147 552 2202; x_wconf 78' lang='grc' dir='ltr'><em>ἐπιστάμενον</em></span> <span class='ocrx_word' id='word_1_247' title='bbox 583 2163 652 2193; x_wconf 79' lang='grc' dir='ltr'><em>μεν</em></span> <span class='ocrx_word' id='word_1_248' title='bbox 685 2143 753 2185; x_wconf 78' lang='grc' dir='ltr'><em>οὖν</em></span> <span class='ocrx_word' id='word_1_249' title='bbox 779 2147 826 2185; x_wconf 77' lang='grc' dir='ltr'><em>οὔ</em></span> 
     </span>
     <span class='ocr_line' id='line_1_31' title="bbox 152 2191 824 2251; baseline -0.002 -21"><span class='ocrx_word' id='word_1_250' title='bbox 152 2196 252 2241; x_wconf 86' lang='grc' dir='ltr'><em>φασί</em></span> <span class='ocrx_word' id='word_1_251' title='bbox 278 2208 380 2235; x_wconf 84' lang='grc' dir='ltr'><em>τινες</em></span> <span class='ocrx_word' id='word_1_252' title='bbox 413 2192 540 2229; x_wconf 84' lang='grc' dir='ltr'><em>οἷόντε</em></span> <span class='ocrx_word' id='word_1_253' title='bbox 566 2200 666 2229; x_wconf 81' lang='grc' dir='ltr'><em>εἰναι</em></span> <span class='ocrx_word' id='word_1_254' title='bbox 693 2191 824 2251; x_wconf 79' lang='grc' dir='ltr'><em>(ἀκρα-</em></span> 
     </span>
    </p>

    <p class='ocr_par' dir='ltr' id='par_1_5' title="bbox 149 2237 827 2466">
     <span class='ocr_line' id='line_1_32' title="bbox 150 2237 825 2293; baseline 0.003 -20.175"><span class='ocrx_word' id='word_1_255' title='bbox 150 2243 223 2285; x_wconf 81' lang='grc' dir='ltr'><em>τῆ.)</em></span> <span class='ocrx_word' id='word_1_256' title='bbox 251 2240 381 2276; x_wconf 85' lang='grc' dir='ltr'><em>δεινὸν</em></span> <span class='ocrx_word' id='word_1_257' title='bbox 401 2239 472 2284; x_wconf 75' lang='grc' dir='ltr'><em>γάρ</em></span> <span class='ocrx_word' id='word_1_258' title='bbox 492 2237 736 2293; x_wconf 77' lang='grc' dir='ltr'><em>ἔπιστῄμης’</em></span> <span class='ocrx_word' id='word_1_259' title='bbox 720 2237 825 2275; x_wconf 82' lang='grc' dir='ltr'><em>ενού-</em></span> 
     </span>
     <span class='ocr_line' id='line_1_33' title="bbox 152 2281 827 2339; baseline -0.004 -18"><span class='ocrx_word' id='word_1_260' title='bbox 152 2298 242 2331; x_wconf 79' lang='grc' dir='ltr'><em>σης,</em></span> <span class='ocrx_word' id='word_1_261' title='bbox 273 2283 323 2326; x_wconf 78' lang='grc' dir='ltr'><em>ὡς</em></span> <span class='ocrx_word' id='word_1_262' title='bbox 349 2297 445 2320; x_wconf 87' lang='grc' dir='ltr'><em>ωετο</em></span> <span class='ocrx_word' id='word_1_263' title='bbox 473 2283 699 2328; x_wconf 82' lang='grc' dir='ltr'><em>Σωκράτης,</em></span> <span class='ocrx_word' id='word_1_264' title='bbox 735 2281 827 2339; x_wconf 66' lang='lat' dir='ltr'><em>oc‘kkp</em></span> 
     </span>
     <span class='ocr_line' id='line_1_34' title="bbox 150 2328 826 2373; baseline -0.002 -8"><span class='ocrx_word' id='word_1_265' title='bbox 150 2345 187 2366; x_wconf 88' lang='grc' dir='ltr'><em>τι</em></span> <span class='ocrx_word' id='word_1_266' title='bbox 227 2334 380 2370; x_wconf 81' lang='grc' dir='ltr'><em>κρατεῖν</em></span> <span class='ocrx_word' id='word_1_267' title='bbox 412 2330 476 2364; x_wconf 81' lang='grc' dir='ltr'><em>καὶ</em></span> <span class='ocrx_word' id='word_1_268' title='bbox 496 2343 577 2373; x_wconf 79' lang='grc' dir='ltr'><em>περ</em></span> <span class='ocrx_word' id='word_1_269' title='bbox 583 2330 724 2364; x_wconf 81' lang='grc' dir='ltr'><em>ιέλκειν</em></span> <span class='ocrx_word' id='word_1_270' title='bbox 759 2328 826 2364; x_wconf 76' lang='lat' dir='ltr'><em>av&#39;-</em></span> 
     </span>
     <span class='ocr_line' id='line_1_35' title="bbox 149 2344 826 2419; baseline -0.004 -8"><span class='ocrx_word' id='word_1_271' title='bbox 149 2373 217 2411; x_wconf 83' lang='grc' dir='ltr'><em>τὸν</em></span> <span class='ocrx_word' id='word_1_272' title='bbox 248 2388 371 2419; x_wconf 86' lang='grc' dir='ltr'><em>ωσπερ</em></span> <span class='ocrx_word' id='word_1_273' title='bbox 403 2344 669 2417; x_wconf 73' lang='grc' dir='ltr'><em>ἀνδράποδονς</em></span> <span class='ocrx_word' id='word_1_274' title='bbox 703 2374 747 2409; x_wconf 85' lang='lat' dir='ltr'><em>cf.</em></span> <span class='ocrx_word' id='word_1_275' title='bbox 780 2375 826 2409; x_wconf 86' lang='lat' dir='ltr'><em>ad</em></span> 
     </span>
     <span class='ocr_line' id='line_1_36' title="bbox 150 2419 654 2466; baseline -0.004 -11"><span class='ocrx_word' id='word_1_276' title='bbox 150 2433 185 2466; x_wconf 88' lang='lat' dir='ltr'><em>p.</em></span> <span class='ocrx_word' id='word_1_277' title='bbox 212 2426 276 2455; x_wconf 74' lang='lat'><em>342</em></span> <span class='ocrx_word' id='word_1_278' title='bbox 303 2420 340 2456; x_wconf 82' lang='lat' dir='ltr'>C.</span> <span class='ocrx_word' id='word_1_279' title='bbox 367 2425 431 2455; x_wconf 69' lang='lat'><em>344</em></span> <span class='ocrx_word' id='word_1_280' title='bbox 458 2419 494 2454; x_wconf 89' lang='lat' dir='ltr'><em>C.</em></span> <span class='ocrx_word' id='word_1_281' title='bbox 520 2423 585 2454; x_wconf 82' lang='lat'><em>358</em></span> <span class='ocrx_word' id='word_1_282' title='bbox 611 2419 654 2453; x_wconf 93' lang='lat' dir='ltr'><em>D.</em></span> 
     </span>
    </p>

    <p class='ocr_par' dir='ltr' id='par_1_6' title="bbox 151 2460 827 2914">
     <span class='ocr_line' id='line_1_37' title="bbox 206 2460 827 2518; baseline -0.005 -18"><span class='ocrx_word' id='word_1_283' title='bbox 206 2470 257 2501; x_wconf 92' lang='lat'><em>10.</em></span> <span class='ocrx_word' id='word_1_284' title='bbox 306 2460 496 2518; x_wconf 79' lang='grc' dir='ltr'><em>αἰσχρόν</em></span> <span class='ocrx_word' id='word_1_285' title='bbox 546 2461 641 2499; x_wconf 82' lang='grc' dir='ltr'><em>ἐστι</em></span> <span class='ocrx_word' id='word_1_286' title='bbox 680 2491 687 2498; x_wconf 93' lang='grc'><em>.</em></span> <span class='ocrx_word' id='word_1_287' title='bbox 725 2494 732 2506; x_wconf 90' lang='grc'><strong><em>,</em></strong></span> <span class='ocrx_word' id='word_1_288' title='bbox 770 2477 827 2516; x_wconf 88' lang='grc' dir='ltr'><em>μη</em></span> 
     </span>
     <span class='ocr_line' id='line_1_38' title="bbox 152 2506 825 2606; baseline -0.004 -16"><span class='ocrx_word' id='word_1_289' title='bbox 152 2506 256 2595; x_wconf 43' lang='lat' dir='ltr'><em>gavrfil</em></span> <span class='ocrx_word' id='word_1_290' title='bbox 271 2507 825 2606; x_wconf 32' lang='lat' dir='ltr'><em>&amp;lai-{2155{ffltsspcoxffixzitzxpgff</em></span> 
     </span>
     <span class='ocr_line' id='line_1_39' title="bbox 152 2599 826 2644; baseline -0.005 -9"><span class='ocrx_word' id='word_1_291' title='bbox 152 2611 267 2644; x_wconf 88' lang='lat' dir='ltr'>quum</span> <span class='ocrx_word' id='word_1_292' title='bbox 320 2612 358 2634; x_wconf 87' lang='lat' dir='ltr'>m</span> <span class='ocrx_word' id='word_1_293' title='bbox 406 2612 449 2634; x_wconf 85' lang='lat' dir='ltr'><em>us</em></span> <span class='ocrx_word' id='word_1_294' title='bbox 496 2599 615 2634; x_wconf 73' lang='lat' dir='ltr'>lateat</span> <span class='ocrx_word' id='word_1_295' title='bbox 661 2599 826 2654; x_wconf 74' lang='lat' dir='ltr'>negatio,</span> 
     </span>
     <span class='ocr_line' id='line_1_40' title="bbox 151 2644 825 2689; baseline -0.003 -10"><span class='ocrx_word' id='word_1_296' title='bbox 151 2646 269 2679; x_wconf 76' lang='lat' dir='ltr'><strong>multo</strong></span> <span class='ocrx_word' id='word_1_297' title='bbox 299 2645 529 2689; x_wconf 78' lang='lat' dir='ltr'><strong>frequentius</strong></span> <span class='ocrx_word' id='word_1_298' title='bbox 559 2644 610 2689; x_wconf 82' lang='grc' dir='ltr'><em>μὴ</em></span> <span class='ocrx_word' id='word_1_299' title='bbox 644 2657 688 2679; x_wconf 89' lang='grc' dir='ltr'><em>ου</em></span> <span class='ocrx_word' id='word_1_300' title='bbox 715 2655 825 2688; x_wconf 81' lang='lat' dir='ltr'>quam</span> 
     </span>
     <span class='ocr_line' id='line_1_41' title="bbox 151 2689 824 2740; baseline -0.003 -16"><span class='ocrx_word' id='word_1_301' title='bbox 151 2690 309 2740; x_wconf 79' lang='lat' dir='ltr'><strong>simplex</strong></span> <span class='ocrx_word' id='word_1_302' title='bbox 342 2690 394 2734; x_wconf 80' lang='grc' dir='ltr'><em>μή</em></span> <span class='ocrx_word' id='word_1_303' title='bbox 425 2701 507 2724; x_wconf 86' lang='lat' dir='ltr'><em>cum</em></span> <span class='ocrx_word' id='word_1_304' title='bbox 532 2689 713 2723; x_wconf 79' lang='lat' dir='ltr'>infinitivo</span> <span class='ocrx_word' id='word_1_305' title='bbox 740 2700 824 2723; x_wconf 84' lang='lat' dir='ltr'>con-</span> 
     </span>
     <span class='ocr_line' id='line_1_42' title="bbox 151 2731 825 2779; baseline 0 -11"><span class='ocrx_word' id='word_1_306' title='bbox 151 2734 327 2779; x_wconf 77' lang='lat' dir='ltr'>iungitur.</span> <span class='ocrx_word' id='word_1_307' title='bbox 376 2735 524 2770; x_wconf 78' lang='lat' dir='ltr'><strong>Etenim</strong></span> <span class='ocrx_word' id='word_1_308' title='bbox 556 2733 644 2778; x_wconf 84' lang='grc' dir='ltr'><em>αἰσχ</em></span> <span class='ocrx_word' id='word_1_309' title='bbox 673 2731 715 2768; x_wconf 87' lang='grc' dir='ltr'><em>όν</em></span> <span class='ocrx_word' id='word_1_310' title='bbox 749 2733 825 2769; x_wconf 77' lang='grc' dir='ltr'><em>ἐστι</em></span> 
     </span>
     <span class='ocr_line' id='line_1_43' title="bbox 151 2776 826 2823; baseline 0 -10"><span class='ocrx_word' id='word_1_311' title='bbox 151 2779 229 2814; x_wconf 84' lang='lat' dir='ltr'>fere</span> <span class='ocrx_word' id='word_1_312' title='bbox 259 2780 360 2815; x_wconf 86' lang='lat' dir='ltr'><strong>idem</strong></span> <span class='ocrx_word' id='word_1_313' title='bbox 390 2781 447 2815; x_wconf 75' lang='lat' dir='ltr'><em>est</em></span> <span class='ocrx_word' id='word_1_314' title='bbox 477 2782 588 2823; x_wconf 80' lang='lat' dir='ltr'>atque</span> <span class='ocrx_word' id='word_1_315' title='bbox 622 2792 666 2816; x_wconf 86' lang='lat' dir='ltr'><em>ov</em></span> <span class='ocrx_word' id='word_1_316' title='bbox 706 2776 826 2814; x_wconf 80' lang='grc' dir='ltr'><em>καλόν</em></span> 
     </span>
     <span class='ocr_line' id='line_1_44' title="bbox 152 2820 825 2861; baseline 0.003 -4"><span class='ocrx_word' id='word_1_317' title='bbox 152 2820 241 2858; x_wconf 78' lang='grc' dir='ltr'><em>ἐστι.</em></span> <span class='ocrx_word' id='word_1_318' title='bbox 283 2824 559 2861; x_wconf 75' lang='lat' dir='ltr'>v.Sta11baum</span> <span class='ocrx_word' id='word_1_319' title='bbox 592 2824 638 2858; x_wconf 84' lang='lat' dir='ltr'><em>ad</em></span> <span class='ocrx_word' id='word_1_320' title='bbox 670 2825 825 2859; x_wconf 78' lang='lat' dir='ltr'>Theaet.</span> 
     </span>
     <span class='ocr_line' id='line_1_45' title="bbox 151 2868 801 2914; baseline 0.008 -12"><span class='ocrx_word' id='word_1_321' title='bbox 151 2880 187 2913; x_wconf 88' lang='lat' dir='ltr'><em>p.</em></span> <span class='ocrx_word' id='word_1_322' title='bbox 207 2872 263 2903; x_wconf 88' lang='lat'><em>151</em></span> <span class='ocrx_word' id='word_1_323' title='bbox 280 2868 312 2902; x_wconf 95' lang='lat' dir='ltr'>D</span> <span class='ocrx_word' id='word_1_324' title='bbox 331 2871 369 2904; x_wconf 74' lang='lat' dir='ltr'><em>et</em></span> <span class='ocrx_word' id='word_1_325' title='bbox 385 2869 531 2914; x_wconf 77' lang='lat' dir='ltr'>Krfiger</span> <span class='ocrx_word' id='word_1_326' title='bbox 548 2869 609 2904; x_wconf 88' lang='lat' dir='ltr'>Gr.</span> <span class='ocrx_word' id='word_1_327' title='bbox 626 2873 678 2906; x_wconf 86' lang='grc'><em>67.</em></span> <span class='ocrx_word' id='word_1_328' title='bbox 701 2874 751 2912; x_wconf 74' lang='lat'><em>12,</em></span> <span class='ocrx_word' id='word_1_329' title='bbox 771 2874 801 2907; x_wconf 85' lang='grc'><em>6.</em></span> 
     </span>
    </p>
   </div>
   <div class='ocr_carea' id='block_1_5' title="bbox 893 2014 1580 2913">
    <p class='ocr_par' dir='ltr' id='par_1_7' title="bbox 894 2014 1574 2455">
     <span class='ocr_line' id='line_1_46' title="bbox 944 2014 1571 2061; baseline 0.002 -11"><span class='ocrx_word' id='word_1_330' title='bbox 944 2020 994 2051; x_wconf 91' lang='grc'><em>13.</em></span> <span class='ocrx_word' id='word_1_331' title='bbox 1021 2015 1182 2055; x_wconf 81' lang='grc' dir='ltr'><em>Καλῶς</em></span> <span class='ocrx_word' id='word_1_332' title='bbox 1206 2028 1255 2060; x_wconf 81' lang='grc' dir='ltr'><em>γε</em></span> <span class='ocrx_word' id='word_1_333' title='bbox 1274 2040 1316 2044; x_wconf 88' lang='lat'>—</span> <span class='ocrx_word' id='word_1_334' title='bbox 1336 2014 1387 2051; x_wconf 77' lang='grc' dir='ltr'><em>σὺ</em></span> <span class='ocrx_word' id='word_1_335' title='bbox 1413 2015 1571 2061; x_wconf 77' lang='grc' dir='ltr'><em>λέγων]</em></span> 
     </span>
     <span class='ocr_line' id='line_1_47' title="bbox 896 2060 1573 2105; baseline 0.002 -10"><span class='ocrx_word' id='word_1_336' title='bbox 896 2060 1086 2104; x_wconf 82' lang='lat' dir='ltr'>Frequens</span> <span class='ocrx_word' id='word_1_337' title='bbox 1116 2061 1370 2105; x_wconf 80' lang='lat' dir='ltr'>respondendi</span> <span class='ocrx_word' id='word_1_338' title='bbox 1394 2062 1502 2096; x_wconf 76' lang='lat' dir='ltr'>ratio.</span> <span class='ocrx_word' id='word_1_339' title='bbox 1540 2074 1573 2098; x_wconf 86' lang='lat' dir='ltr'>v.</span> 
     </span>
     <span class='ocr_line' id='line_1_48' title="bbox 896 2105 1574 2150; baseline 0 -10"><span class='ocrx_word' id='word_1_340' title='bbox 896 2106 943 2140; x_wconf 84' lang='lat' dir='ltr'><em>ad</em></span> <span class='ocrx_word' id='word_1_341' title='bbox 983 2105 1096 2150; x_wconf 87' lang='lat' dir='ltr'>Gorg.</span> <span class='ocrx_word' id='word_1_342' title='bbox 1135 2117 1171 2150; x_wconf 90' lang='lat' dir='ltr'><em>p.</em></span> <span class='ocrx_word' id='word_1_343' title='bbox 1202 2110 1265 2140; x_wconf 81' lang='grc'><em>451</em></span> <span class='ocrx_word' id='word_1_344' title='bbox 1300 2106 1331 2140; x_wconf 94' lang='lat' dir='ltr'>D</span> <span class='ocrx_word' id='word_1_345' title='bbox 1370 2109 1408 2141; x_wconf 78' lang='lat' dir='ltr'><em>et</em></span> <span class='ocrx_word' id='word_1_346' title='bbox 1445 2106 1574 2150; x_wconf 83' lang='lat' dir='ltr'>Symp.</span> 
     </span>
     <span class='ocr_line' id='line_1_49' title="bbox 898 2117 1575 2188; baseline 0 -3"><span class='ocrx_word' id='word_1_347' title='bbox 898 2155 962 2185; x_wconf 86' lang='grc'><em>174</em></span> <span class='ocrx_word' id='word_1_348' title='bbox 987 2151 1026 2188; x_wconf 88' lang='grc' dir='ltr'><strong>Ε</strong></span> <span class='ocrx_word' id='word_1_349' title='bbox 1061 2117 1298 2185; x_wconf 76' lang='lat' dir='ltr'>gAddendum</span> <span class='ocrx_word' id='word_1_350' title='bbox 1337 2162 1424 2186; x_wconf 87' lang='lat' dir='ltr'>vero</span> <span class='ocrx_word' id='word_1_351' title='bbox 1465 2162 1483 2186; x_wconf 86' lang='lat' dir='ltr'>e</span> <span class='ocrx_word' id='word_1_352' title='bbox 1515 2163 1575 2185; x_wconf 80' lang='lat' dir='ltr'><em>su-</em></span> 
     </span>
     <span class='ocr_line' id='line_1_50' title="bbox 894 2193 1573 2251; baseline 0.001 -21"><span class='ocrx_word' id='word_1_353' title='bbox 894 2195 1119 2245; x_wconf 84' lang='lat' dir='ltr'>perioribus:</span> <span class='ocrx_word' id='word_1_354' title='bbox 1132 2193 1573 2251; x_wconf 84' lang='grc' dir='ltr'><em>σοφίανφῂςκράτιστον</em></span> 
     </span>
     <span class='ocr_line' id='line_1_51' title="bbox 897 2238 1573 2295; baseline 0 -20"><span class='ocrx_word' id='word_1_355' title='bbox 897 2239 998 2275; x_wconf 82' lang='grc' dir='ltr'><em>εἶναι</em></span> <span class='ocrx_word' id='word_1_356' title='bbox 1018 2242 1091 2275; x_wconf 79' lang='grc' dir='ltr'><em>τῶν</em></span> <span class='ocrx_word' id='word_1_357' title='bbox 1118 2239 1372 2282; x_wconf 80' lang='grc' dir='ltr'><em>ἀνθρωπείων</em></span> <span class='ocrx_word' id='word_1_358' title='bbox 1397 2238 1573 2295; x_wconf 79' lang='grc' dir='ltr'><em>πραγμά-</em></span> 
     </span>
     <span class='ocr_line' id='line_1_52' title="bbox 898 2284 1571 2330; baseline 0.001 -11"><span class='ocrx_word' id='word_1_359' title='bbox 898 2299 983 2321; x_wconf 86' lang='grc' dir='ltr'><em>των.</em></span> <span class='ocrx_word' id='word_1_360' title='bbox 1021 2285 1128 2327; x_wconf 84' lang='lat' dir='ltr'><strong>Quod</strong></span> <span class='ocrx_word' id='word_1_361' title='bbox 1153 2286 1413 2326; x_wconf 77' lang='grc' dir='ltr'><em>καλῶς-καὶ</em></span> <span class='ocrx_word' id='word_1_362' title='bbox 1438 2284 1571 2330; x_wconf 82' lang='grc' dir='ltr'><em>ἀληθῆ</em></span> 
     </span>
     <span class='ocr_line' id='line_1_53' title="bbox 897 2330 1574 2374; baseline 0.001 -11"><span class='ocrx_word' id='word_1_363' title='bbox 897 2330 1132 2364; x_wconf 78' lang='lat' dir='ltr'><strong>coniunctum</strong></span> <span class='ocrx_word' id='word_1_364' title='bbox 1146 2331 1296 2374; x_wconf 75' lang='lat' dir='ltr'>legitur,</span> <span class='ocrx_word' id='word_1_365' title='bbox 1315 2331 1446 2365; x_wconf 82' lang='lat' dir='ltr'>eodem</span> <span class='ocrx_word' id='word_1_366' title='bbox 1464 2331 1574 2364; x_wconf 87' lang='lat' dir='ltr'>modo</span> 
     </span>
     <span class='ocr_line' id='line_1_54' title="bbox 895 2374 1571 2456; baseline 0.003 -48"><span class='ocrx_word' id='word_1_367' title='bbox 895 2374 1082 2456; x_wconf 58' lang='grc' dir='ltr'><em>ξὶιαῖεῖἑὶοιι.</em></span> <span class='ocrx_word' id='word_1_368' title='bbox 1106 2387 1142 2420; x_wconf 88' lang='lat' dir='ltr'><em>p.</em></span> <span class='ocrx_word' id='word_1_369' title='bbox 1167 2379 1208 2410; x_wconf 85' lang='lat'><em>79</em></span> <span class='ocrx_word' id='word_1_370' title='bbox 1222 2375 1265 2410; x_wconf 95' lang='lat' dir='ltr'><em>D.</em></span> <span class='ocrx_word' id='word_1_371' title='bbox 1292 2376 1368 2410; x_wconf 88' lang='lat' dir='ltr'>Ion.</span> <span class='ocrx_word' id='word_1_372' title='bbox 1392 2387 1427 2420; x_wconf 90' lang='lat' dir='ltr'><em>p.</em></span> <span class='ocrx_word' id='word_1_373' title='bbox 1447 2379 1512 2410; x_wconf 83' lang='lat'><em>538</em></span> <span class='ocrx_word' id='word_1_374' title='bbox 1530 2375 1571 2409; x_wconf 89' lang='grc' dir='ltr'><em>Ε.</em></span> 
     </span>
    </p>

    <p class='ocr_par' dir='ltr' id='par_1_8' title="bbox 923 2423 962 2454">
     <span class='ocr_line' id='line_1_55' title="bbox 923 2423 962 2454; baseline 0 0"><span class='ocrx_word' id='word_1_375' title='bbox 923 2423 962 2454; x_wconf 78' lang='lat' dir='ltr'><em>ta</em></span> 
     </span>
    </p>

    <p class='ocr_par' dir='ltr' id='par_1_9' title="bbox 893 2461 1580 2913">
     <span class='ocr_line' id='line_1_56' title="bbox 943 2461 1570 2516; baseline 0.002 -18"><span class='ocrx_word' id='word_1_376' title='bbox 943 2469 996 2500; x_wconf 93' lang='grc'><em>18.</em></span> <span class='ocrx_word' id='word_1_377' title='bbox 1047 2461 1132 2501; x_wconf 83' lang='grc' dir='ltr'><em>υπὸ</em></span> <span class='ocrx_word' id='word_1_378' title='bbox 1183 2462 1358 2516; x_wconf 74' lang='grc' dir='ltr'><em>ἡδονῆς</em></span> <span class='ocrx_word' id='word_1_379' title='bbox 1407 2465 1570 2509; x_wconf 82' lang='grc' dir='ltr'><em>φασιν]</em></span> 
     </span>
     <span class='ocr_line' id='line_1_57' title="bbox 895 2509 1574 2555; baseline -0.001 -11"><span class='ocrx_word' id='word_1_380' title='bbox 895 2509 1048 2544; x_wconf 77' lang='lat' dir='ltr'>Hiatum</span> <span class='ocrx_word' id='word_1_381' title='bbox 1096 2511 1242 2555; x_wconf 80' lang='lat' dir='ltr'>saepius</span> <span class='ocrx_word' id='word_1_382' title='bbox 1282 2510 1432 2544; x_wconf 88' lang='lat' dir='ltr'><strong>obvium</strong></span> <span class='ocrx_word' id='word_1_383' title='bbox 1472 2509 1574 2543; x_wconf 88' lang='lat' dir='ltr'>nolui</span> 
     </span>
     <span class='ocr_line' id='line_1_58' title="bbox 893 2554 1572 2608; baseline 0 -20"><span class='ocrx_word' id='word_1_384' title='bbox 893 2554 1023 2590; x_wconf 73' lang='lat' dir='ltr'>tollere</span> <span class='ocrx_word' id='word_1_385' title='bbox 1050 2555 1154 2589; x_wconf 83' lang='lat' dir='ltr'>libris</span> <span class='ocrx_word' id='word_1_386' title='bbox 1179 2555 1316 2592; x_wconf 71' lang='lat' dir='ltr'>invitis.</span> <span class='ocrx_word' id='word_1_387' title='bbox 1366 2554 1572 2608; x_wconf 70' lang='lat' dir='ltr'>Euthyphr.</span> 
     </span>
     <span class='ocr_line' id='line_1_59' title="bbox 895 2597 1574 2653; baseline 0 -21"><span class='ocrx_word' id='word_1_388' title='bbox 895 2610 930 2643; x_wconf 86' lang='lat' dir='ltr'><em>p.</em></span> <span class='ocrx_word' id='word_1_389' title='bbox 959 2604 999 2635; x_wconf 93' lang='lat'><em>10</em></span> <span class='ocrx_word' id='word_1_390' title='bbox 1025 2601 1067 2635; x_wconf 86' lang='lat' dir='ltr'><em>C:</em></span> <span class='ocrx_word' id='word_1_391' title='bbox 1106 2603 1278 2643; x_wconf 82' lang='grc' dir='ltr'><em>φιλεῖται</em></span> <span class='ocrx_word' id='word_1_392' title='bbox 1313 2597 1389 2635; x_wconf 82' lang='grc' dir='ltr'><em>ὑπὸ</em></span> <span class='ocrx_word' id='word_1_393' title='bbox 1423 2599 1475 2634; x_wconf 86' lang='grc' dir='ltr'><em>ὼν</em></span> <span class='ocrx_word' id='word_1_394' title='bbox 1506 2612 1574 2653; x_wconf 88' lang='grc' dir='ltr'><em>φι-</em></span> 
     </span>
     <span class='ocr_line' id='line_1_60' title="bbox 897 2641 1571 2689; baseline -0.001 -10"><span class='ocrx_word' id='word_1_395' title='bbox 897 2648 1031 2682; x_wconf 78' lang='grc' dir='ltr'><em>λεῖται</em></span> <span class='ocrx_word' id='word_1_396' title='bbox 1080 2645 1191 2689; x_wconf 84' lang='lat' dir='ltr'>Legg.</span> <span class='ocrx_word' id='word_1_397' title='bbox 1216 2644 1318 2689; x_wconf 88' lang='lat' dir='ltr'>XIp.</span> <span class='ocrx_word' id='word_1_398' title='bbox 1337 2648 1467 2680; x_wconf 81' lang='lat' dir='ltr'>920D:</span> <span class='ocrx_word' id='word_1_399' title='bbox 1496 2641 1571 2680; x_wconf 81' lang='grc' dir='ltr'><em>ὑπὸ</em></span> 
     </span>
     <span class='ocr_line' id='line_1_61' title="bbox 897 2687 1572 2734; baseline 0 -11"><span class='ocrx_word' id='word_1_400' title='bbox 897 2687 1049 2725; x_wconf 79' lang='grc' dir='ltr'><em>ἀδίκου.</em></span> <span class='ocrx_word' id='word_1_401' title='bbox 1075 2690 1167 2727; x_wconf 85' lang='lat' dir='ltr'>Ibid.</span> <span class='ocrx_word' id='word_1_402' title='bbox 1194 2701 1229 2734; x_wconf 92' lang='lat' dir='ltr'>p</span> <span class='ocrx_word' id='word_1_403' title='bbox 1259 2694 1321 2725; x_wconf 79' lang='lat'><em>129</em></span> <span class='ocrx_word' id='word_1_404' title='bbox 1346 2691 1394 2724; x_wconf 93' lang='lat' dir='ltr'><em>A.</em></span> <span class='ocrx_word' id='word_1_405' title='bbox 1420 2688 1471 2733; x_wconf 86' lang='grc' dir='ltr'><em>μὴ</em></span> <span class='ocrx_word' id='word_1_406' title='bbox 1498 2687 1572 2725; x_wconf 88' lang='grc' dir='ltr'><em>ὑπὸ</em></span> 
     </span>
     <span class='ocr_line' id='line_1_62' title="bbox 897 2730 1580 2789; baseline -0.001 -21"><span class='ocrx_word' id='word_1_407' title='bbox 897 2730 982 2774; x_wconf 76' lang='grc' dir='ltr'><em>ἑνὸς</em></span> <span class='ocrx_word' id='word_1_408' title='bbox 985 2735 1150 2789; x_wconf 85' lang='grc' dir='ltr'><em>πατρός</em></span> <span class='ocrx_word' id='word_1_409' title='bbox 1175 2735 1248 2769; x_wconf 89' lang='lat' dir='ltr'>vid.</span> <span class='ocrx_word' id='word_1_410' title='bbox 1268 2745 1379 2779; x_wconf 86' lang='lat' dir='ltr'>supra</span> <span class='ocrx_word' id='word_1_411' title='bbox 1399 2746 1433 2779; x_wconf 92' lang='lat' dir='ltr'>p.</span> <span class='ocrx_word' id='word_1_412' title='bbox 1448 2733 1580 2770; x_wconf 73' lang='lat'>3493:</span> 
     </span>
     <span class='ocr_line' id='line_1_63' title="bbox 896 2775 1576 2824; baseline 0 -11"><span class='ocrx_word' id='word_1_413' title='bbox 896 2775 996 2813; x_wconf 85' lang='grc' dir='ltr'><em>ε’πὶ</em></span> <span class='ocrx_word' id='word_1_414' title='bbox 978 2780 1033 2814; x_wconf 85' lang='grc' dir='ltr'><em>ενὶ</em></span> <span class='ocrx_word' id='word_1_415' title='bbox 1051 2778 1256 2824; x_wconf 79' lang='grc' dir='ltr'><em>πράγματι.</em></span> <span class='ocrx_word' id='word_1_416' title='bbox 1289 2780 1400 2814; x_wconf 44' lang='lat' dir='ltr'>Ibida</span> <span class='ocrx_word' id='word_1_417' title='bbox 1428 2776 1490 2814; x_wconf 81' lang='grc' dir='ltr'><em>ἐπὶ</em></span> <span class='ocrx_word' id='word_1_418' title='bbox 1517 2776 1576 2814; x_wconf 76' lang='grc' dir='ltr'><em>ἑνὶ</em></span> 
     </span>
     <span class='ocr_line' id='line_1_64' title="bbox 897 2820 1575 2869; baseline -0.003 -11"><span class='ocrx_word' id='word_1_419' title='bbox 897 2822 1009 2858; x_wconf 83' lang='grc' dir='ltr'><em>εἶναι.</em></span> <span class='ocrx_word' id='word_1_420' title='bbox 1047 2837 1082 2869; x_wconf 88' lang='lat' dir='ltr'><em>p.</em></span> <span class='ocrx_word' id='word_1_421' title='bbox 1109 2829 1174 2859; x_wconf 80' lang='lat'><em>358</em></span> <span class='ocrx_word' id='word_1_422' title='bbox 1200 2825 1244 2859; x_wconf 85' lang='lat' dir='ltr'><em>C:</em></span> <span class='ocrx_word' id='word_1_423' title='bbox 1282 2822 1343 2860; x_wconf 76' lang='grc' dir='ltr'><em>ἐπὶ</em></span> <span class='ocrx_word' id='word_1_424' title='bbox 1381 2820 1404 2858; x_wconf 78' lang='grc' dir='ltr'><em>ὁὶ</em></span> <span class='ocrx_word' id='word_1_425' title='bbox 1439 2825 1575 2860; x_wconf 72' lang='grc' dir='ltr'><em>οἴεται,</em></span> 
     </span>
     <span class='ocr_line' id='line_1_65' title="bbox 896 2868 1576 2913; baseline 0 -10"><span class='ocrx_word' id='word_1_426' title='bbox 896 2868 1024 2905; x_wconf 79' lang='lat' dir='ltr'>Stallb.</span> <span class='ocrx_word' id='word_1_427' title='bbox 1051 2869 1152 2905; x_wconf 90' lang='lat' dir='ltr'>Conf.</span> <span class='ocrx_word' id='word_1_428' title='bbox 1181 2871 1257 2906; x_wconf 75' lang='lat' dir='ltr'>not.</span> <span class='ocrx_word' id='word_1_429' title='bbox 1285 2869 1364 2907; x_wconf 70' lang='lat' dir='ltr'>crit.</span> <span class='ocrx_word' id='word_1_430' title='bbox 1390 2873 1411 2903; x_wconf 83' lang='lat'>4</span> <span class='ocrx_word' id='word_1_431' title='bbox 1436 2881 1472 2913; x_wconf 85' lang='lat' dir='ltr'><em>p.</em></span> <span class='ocrx_word' id='word_1_432' title='bbox 1500 2871 1576 2903; x_wconf 88' lang='grc'><em>163.</em></span> 
     </span>
    </p>
   </div>
  </div>
 </body>
</html>
