1939 3214
308 106 364 148 24
838 104 1208 142 PROLEGOME-NA

309 207 533 271 sophistas.
579 207 712 249 Nam:
743 206 854 247 haud
886 207 983 257 scio,
1015 208 1167 271 inquit,
1199 222 1255 249 an
1277 207 1508 250 Socrates
1496 224 1539 250 111
1566 210 1729 252 601000

308 265 451 317 potius
489 264 679 318 ipsorum
718 262 1004 317 sophistarum
1036 264 1259 318 opiniones
1290 263 1550 319 Protagorae
1578 280 1730 321 propo-

309 322 397 371 nat,
430 334 511 374 quo
542 319 709 361 facilius
741 333 835 360 eum
867 319 1016 360 (16111(16
1048 320 1207 374 laqueis
1238 320 1469 362 dialecticis
1499 322 1677 364 irretiat.

422 375 581 417 Verum
633 376 747 416 enim
798 389 896 416 vero
940 375 1197 430 Protagoras
1244 376 1429 418 Socratis
1475 379 1731 420 sententiam

311 432 487 473 alteram
517 432 707 486 graviter
737 431 906 484 refellit,
939 431 1114 473 alteram
1145 447 1248 473 num
1274 433 1577 488 amplectatur,
1609 434 1730 476 vehe-

311 491 479 529 menter
518 488 692 529 dubitat.
759 487 817 528 Et
853 486 1068 541 SocrateS,
1115 488 1181 529 cui
1218 487 1462 543 Xenophon
1497 489 1731 532 Memorab.

311 543 388 585 IV.
419 545 457 593 6,
489 544 514 585 8
546 544 694 584 scribit
723 543 931 597 placuisse
962 544 1064 584 utile
1097 546 1138 585 et
1166 544 1323 586 bonum
1352 545 1464 586 idem
1487 559 1590 598 esse,
1619 549 1732 587 recte

312 614 359 641 ac
396 601 486 640 iure
528 615 552 639 a
583 599 762 640 Platone
792 599 853 640 ita
883 599 1105 653 disputans
1134 601 1370 650 inducitur,
1412 604 1460 642 ut
1488 602 1730 651 iucundum,

312 656 419 710 quod
460 655 630 709 quidem
670 669 888 709 nunquam
924 669 1014 696 non
1044 656 1223 698 iucunde
1256 657 1439 710 afficiat,
1482 658 1589 699 1111111
1619 657 1734 699 aliud

313 726 402 753 esse
423 712 508 752 nisi
533 713 687 753 bonum
710 714 880 754 statuat.
922 711 1071 766 Neque
1094 713 1228 762 Plato,
1251 714 1323 754 sed
1345 690 1446 755 Soci·
1451 716 1539 755 ates
1559 714 1736 755 docebat

312 768 505 822 singulas
547 768 743 817 virtutes,
790 782 894 821 quae
936 769 1113 810 scientia
1152 769 1402 811 coniunctae
1440 773 1559 824 sunt,
1599 784 1735 825 neque

312 825 500 865 11116166
530 838 667 878 neque
698 839 722 865 a
752 824 931 865 scientia
962 826 1136 866 omnino
1170 826 1350 867 differre.
1411 828 1556 881 Atque
1587 841 1733 868 omnes

313 881 572 934 sententias,
605 894 709 934 quas
741 879 934 921 Socrates
964 881 1008 921 111
1037 881 1278 936 Protagora
1308 882 1485 936 profert,
1518 883 1570 924 ad
1592 883 1735 925 Socra-

314 938 444 978 ticam
467 936 705 977 doctrinam
728 937 1068 979 accommodatas
1091 952 1195 992 esse,
1218 953 1355 1001 nuper
1376 938 1516 993 Joyau
1537 953 1585 981 eo
1609 953 1735 993 quem

317 994 362 1034 in
402 995 596 1036 annotat.
634 993 689 1034 29
727 994 957 1034 memoravi
1003 994 1109 1034 libro
1151 995 1401 1049 gravissime
1441 999 1483 1036 et
1521 995 1736 1036 constanti

314 1049 470 1090 iudicio
502 1048 692 1089 defendit
713 1049 1015 1103 contenditque
1038 1050 1154 1090 illam
1176 1050 1416 1092 doctrinam
1439 1051 1542 1092 adeo
1564 1051 1737 1114 plenam

314 1108 356 1146 et
387 1105 624 1146 absolutam
655 1104 737 1146 hoc
769 1105 941 1160 dialogo
974 1106 1198 1159 contineri,
1231 1109 1278 1147 ut
1307 1121 1517 1161 nusquam
1548 1121 1654 1161 quae
1682 1107 1738 1148 sit

315 1176 413 1203 vera
445 1162 533 1202 eius
562 1162 700 1202 forma
731 1175 778 1202 ac
809 1161 938 1203 facies
969 1162 1237 1204 manifestius
1269 1163 1529 1217 deprehendi
1558 1163 1706 1218 possit.

430 1217 578 1271 Neque
610 1217 887 1258 dubitandum
919 1220 996 1268 est,
1028 1219 1131 1272 quin
1153 1233 1236 1273 qua
1255 1221 1420 1260 ratione
1443 1219 1636 1261 Socrates
1658 1219 1738 1260 hoc

317 1274 412 1315 loco
445 1288 539 1315 cum
562 1273 798 1328 Protagora
820 1274 998 1325 (11666111,
1032 1275 1177 1316 eadem
1200 1289 1296 1317 cum
1318 1275 1479 1317 civibus
1502 1275 1738 1317 Athenien-

315 1331 429 1371 sibus
462 1329 648 1383 colloqui
679 1330 829 1371 solitus
861 1331 929 1372 sit.
1016 1330 1117 1372 Non
1149 1331 1263 1372 enim
1285 1331 1441 1373 Plato
1429 1347 1475 1373 111
1495 1332 1618 1379 111010,
1652 1346 1734 1386 quo

314 1386 566 1440 magistrum
614 1401 734 1427 suum
779 1389 977 1427 naturam
1025 1389 1067 1428 et
1111 1387 1198 1428 vim
1239 1387 1408 1428 virtutis
1448 1387 1740 1438 enucleantem

314 1443 432 1495 facit,
465 1442 505 1483 61
530 1441 633 1483 talia
663 1442 1046 1497 argumentationis
1076 1443 1196 1496 vitia,
1230 1444 1373 1498 qualia
1403 1445 1448 1485 in
1479 1444 1582 1485 locis
1613 1458 1741 1498 supra

315 1514 354 1553 p.
388 1499 412 1539 8
454 1498 593 1539 allatis
632 1499 928 1552 inveniuntur,
967 1499 1208 1553 tribuisset,
1249 1500 1333 1541 nisi
1364 1514 1508 1542 veram
1541 1500 1628 1542 eius
1660 1501 1740 1541 dis-

316 1554 496 1609 putandi
526 1554 735 1595 rationem
767 1555 970 1596 voluisset
1001 1555 1246 1609 exprimere.
1293 1555 1357 1597 De
1380 1557 1738 1609 conclusionibus,

316 1611 468 1665 quibus
487 1610 744 1665 Protagoras
760 1610 831 1652 hic
848 1611 1046 1665 deceptus
1066 1614 1140 1663 est,
1159 1611 1281 1653 Plato
1299 1613 1404 1666 ipse,
1417 1615 1465 1653 ut
1480 1613 1676 1663 vidimus,
1696 1613 1741 1657 in

319 1666 552 1708 Theaeteto
589 1667 831 1722 legentibus
862 1682 905 1709 se
936 1681 1118 1722 purgare
1149 1668 1303 1721 voluit,
1341 1668 1413 1709 sed
1443 1669 1638 1710 iuvenem
1671 1668 1741 1711 So-

320 1727 492 1774 cratem,
524 1737 606 1777 qua
636 1725 773 1764 aetate
804 1737 898 1764 cum
920 1723 1157 1778 Protagora
1189 1724 1298 1779 apud
1321 1724 1504 1766 Calliam
1528 1739 1742 1767 sermones

318 1779 549 1821 contulisse
580 1779 735 1820 dicitur
747 1779 815 1834 34),
847 1779 1052 1821 eiusmodi
1084 1780 1301 1834 captiones
1333 1781 1510 1822 omnino
1540 1795 1627 1822 non
1648 1781 1742 1836 fug-

317 1836 423 1889 isse,
471 1850 548 1889 pro
590 1838 706 1877 certo
754 1836 959 1877 affirmari
1006 1839 1161 1890 potest.
1222 1836 1418 1891 Namque
1457 1836 1653 1879 Socrates
1698 1839 1744 1878 in

318 1892 532 1946 symposio
571 1892 629 1946 (p.
662 1891 765 1946 202)
799 1907 842 1933 66
872 1896 1020 1933 narrat
1059 1907 1082 1933 a
1114 1892 1302 1934 Diotima
1340 1894 1509 1934 demum
1551 1893 1744 1935 didicisse

318 1949 426 1989 falso
460 1947 666 1998 concludi,
695 1948 898 2001 quidquid
928 1963 1014 1989 11011
1043 1951 1152 1990 66661
1172 1949 1412 2002 pulchrum,
1443 1949 1680 1990 necessario
1702 1949 1745 1991 id

319 2005 459 2058 ipsum
499 2018 589 2044 esse
621 2007 743 2058 turpe
782 2007 855 2045 aut
885 2004 1090 2058 quidquid
1121 2019 1210 2046 non
1242 2005 1432 2059 sapiens,
1471 2006 1514 2046 id
1543 2006 1741 2057 insciens,

321 2061 393 2101 sed
426 2059 611 2101 medium
642 2060 843 2114 quiddam
874 2074 962 2101 esse
985 2061 1096 2102 inter
1117 2061 1373 2115 sapientiam
1396 2064 1439 2102 et
1458 2062 1744 2116 inscientiam,

321 2116 524 2170 illamque
561 2117 793 2166 monuisse,
833 2131 886 2157 ne
925 2117 1202 2158 contenderet
1238 2120 1281 2158 et
1312 2120 1485 2172 cogeret
1516 2119 1626 2172 quod
1655 2133 1745 2160 non

324 2175 435 2213 esset
478 2171 723 2226 pulchrum,
770 2172 812 2212 id
848 2174 972 2226 turpe
1010 2187 1123 2226 esse,
1169 2188 1247 2215 nec
1293 2174 1404 2228 quod
1441 2188 1530 2215 non
1569 2174 1744 2227 bonum,

323 2205 826 2283 malumssss).1detiaque
864 2244 908 2269 111
939 2229 1180 2284 Protagora
1217 2231 1423 2272 orationis
1463 2229 1744 2285 ambiguitate

324 2299 412 2325 non
443 2285 573 2325 semel
604 2286 759 2338 utit,ur
792 2287 839 2326 ut
867 2300 908 2338 p.
930 2286 1013 2326 319
1031 2263 1099 2326 A0
1100 2286 1145 2327 in
1168 2286 1256 2327 eius
1277 2286 1416 2328 verbis
1438 2286 1584 2335 δοκεῖς
1604 2301 1745 2340 μοι..

324 2337 643 2394 ὑπισχνεῖσθαι
682 2347 829 2382 ποιεῖν
861 2340 1028 2394 ἄνδρας
1059 2339 1260 2395 ἀγαθούς
1290 2344 1472 2390 πολίτας
1501 2341 1747 2384 Heraclitea

326 2397 533 2451 quaedam
564 2396 799 2438 obscuritas
837 2397 970 2451 111661,
1015 2412 1115 2439 nam
1147 2406 1294 2440 ποιεῖν
1331 2398 1535 2439 reddendi
1564 2399 1624 2449 vi,
1657 2413 1747 2440 non

326 2453 532 2508 gignendi
572 2452 638 2493 vel
668 2454 940 2507 procreandi,
982 2454 1163 2508 positum
1197 2469 1287 2496 esse
1318 2457 1361 2495 et
1392 2455 1657 2496 accusativos
1689 2455 1747 2496 di-

326 2523 472 2550 versae
504 2523 595 2550 esse
625 2510 861 2563 potestatis,
896 2510 1075 2551 alterum
1106 2511 1284 2575 obiecti,‚
1305 2510 1484 2551 alterum
1514 2511 1747 2564 praedicati

322 2565 531 2616 nominis,
570 2565 612 2606 id
637 2566 807 2620 quidem
840 2569 1001 2607 certum
1033 2568 1115 2618 est,
1157 2567 1228 2608 sed
1261 2562 1463 2619 ἀγαθούς
1493 2567 1544 2608 ad
1575 2565 1747 2618 ἄνδρας

322 2711 344 2744 ὃ
385 2709 423 2743 λ
416 2666 492 2743 33)
523 2665 562 2699 P.
599 2670 665 2700 314
690 2665 749 2700 B.:
782 2662 893 2710 ἡμεῖς
931 2664 1001 2710 γὰρ
1029 2662 1084 2703 ’ἑτι
1122 2666 1220 2710 νέοι,
1262 2679 1356 2702 ωστε
1394 2668 1551 2702 τοσοῦτο
1587 2666 1745 2710 πρᾶγμα

348 2721 380 2744 ιε
407 2721 447 2744 εσ
483 2723 533 2746 αι.

435 2756 493 2797 35)
524 2754 618 2791 Plat.
647 2766 771 2803 symp.
805 2759 869 2790 202
894 2755 938 2789 B:
969 2754 1046 2811 Μῂ
1078 2756 1212 2791 τοίνυν
1244 2753 1455 2810 ἀνάγκαζε,
1493 2751 1514 2791 ὃ
1545 2752 1596 2800 μὴ
1629 2753 1747 2791 καλόν

322 2796 436 2842 ἐστιν,
463 2796 598 2843 αἰχρὸν
625 2804 738 2843 εἰναι,
764 2799 860 2845 μηδὲ
887 2794 905 2835 ὃ
933 2800 983 2845 μὴ
1011 2798 1175 2845 ἀγαθόν,
1200 2796 1332 2836 κακόν.
