1939 3214
367 179 448 220 180
943 175 1181 212 PLATONIS

361 277 413 320 τὰ
450 281 634 320 τοιαῦτα
673 276 914 332 ὀνομάζων,
956 270 990 319 ὦ
1027 276 1227 331 βέλτιστε
1265 277 1485 332 Πρόδικε,
1530 278 1664 320 τοῦτό
1700 293 1774 333 μοι

361 343 470 400 πρὸς
508 343 532 387 ὃ
568 344 787 400 βούλομαι
824 343 1078 399 ἀπόκριναι.
1138 344 1335 393 Γελάσας
1372 339 1456 386 οὖν
1495 343 1518 387 ὁ
1550 346 1775 399 Πρόδικος

361 412 722 466 συνωμολόγησε,
755 410 828 453 καὶ
850 411 897 453 οἶ
922 410 1064 453 ἄλλοι.
1120 414 1172 454 Τί
1200 412 1248 454 δὲ
1281 412 1351 466 δή,
1384 405 1420 453 οἶ
1450 410 1626 468 ἄνδρες,
1659 415 1776 468 ἔφην

363 480 465 534 ἐγώ,
497 478 547 521 τὸ
577 479 772 528 τοιόνδε;
805 479 854 520 αἱ
882 479 955 521 ἐπὶ
984 479 1148 521 τούτου
1170 479 1350 534 προέξεις
1380 477 1562 532 ἅπασαι,
1596 479 1669 522 ἐπὶ
1689 480 1773 522 τοῦ

362 546 542 596 ἀλύπως
579 549 657 600 ζῆν
695 545 768 588 καὶ
805 544 967 600 ἡδέως,
1013 540 1084 599 ἆρ’
1132 544 1186 587 οὐ
1231 548 1383 597 καλαί;
1428 547 1503 588 καὶ
1546 545 1596 589 τὸ
1633 547 1773 589 καλὸν
1799 546 1815 572 5

362 617 495 668 ἔργον
532 612 708 668 ἀγαθόν
752 628 799 655 τε
844 612 917 655 καὶ
962 611 1207 668 aimei-tuom
1256 614 1517 657 Συνεδόκει.
1578 614 1636 656 Εἰ
1673 612 1774 669 ἄρα,

362 684 477 736 ε”φην
522 681 630 735 ἐγώ,
677 679 726 723 τὸ
769 679 858 736 ἡδὺ
903 679 1079 735 ἀγαθόν
1128 682 1274 734 ἐστιν,
1325 680 1473 731 οὐδεὶς
1510 679 1613 724 οὔτε
1651 680 1778 731 εἰδώς

362 747 466 791 οὔτε
498 750 698 804 οἰόμενος
727 747 843 790 ἄλλα
872 751 1032 803 βελτίω
1065 745 1179 790 εἶναι
1209 746 1238 803 ἢ
1269 745 1297 790 ὁὶ
1326 755 1458 804 ποιεῖ,
1491 749 1566 791 καὶ
1588 749 1775 801 δυνατά,

362 819 511 859 ἔπειτα
542 824 663 859 ποιεῖ
689 819 842 870 ταῦτα,
876 814 976 867 ἐξὸν
1006 815 1060 858 τὰ
1090 818 1268 870 βελτίω·
1300 813 1406 858 οὐδὲ
1436 814 1485 858 τὸ
1516 814 1630 871 ἥττω
1663 814 1899 858 εἷναινὲψψ

316 883 344 917 Β
363 882 640 927 αὑτοῦᾶλλο
671 900 712 926 τι
743 882 866 926 τοῦτ’
900 882 1022 926 ἐστὶν
1051 880 1080 938 ἦ
1110 881 1292 938 ἀμαθία,
1325 881 1430 925 οὐδὲ
1460 886 1644 938 κρείττω
1677 883 1774 927 ἑαυ-
1793 894 1824 921 10

362 955 441 994 τοῦ
473 951 582 994 ἄλλο
612 968 654 993 τι
684 948 711 1005 ἢ
742 954 892 1005 σοφία.
940 950 1188 993 Συνεδόκει
1218 954 1341 993 πᾶσι.
1400 953 1454 993 Τί
1480 950 1527 993 δὲ
1560 952 1637 1006 δή;
1669 949 1776 1005 ἅμα,

451 1114 481 1146 5
507 1109 596 1144 Post
615 1109 754 1143 καλαὶ
773 1109 810 1142 111
828 1108 888 1142 BT
905 1107 968 1152 leg
971 1109 1082 1142 untur
1099 1107 1215 1142 verba
1231 1108 1309 1142 καὶ
1336 1105 1586 1152 ὠφέλιμοι,
1603 1108 1667 1143 sed
1685 1107 1777 1142 haec

361 1166 441 1190 esse
465 1153 741 1204 interpolatoris
765 1153 860 1188 vidit
877 1153 1202 1189 Schleiermacher
1230 1152 1415 1187 Heindorf
1430 1153 1516 1188 ante
1536 1154 1655 1188 καλαί
1668 1163 1779 1187 vocu-

360 1201 434 1235 lam
457 1202 524 1234 καί
546 1198 819 1257 interpositam
821 1198 982 1233 volebat.
1032 1202 1062 1235 8
1082 1192 1105 1232 ἃ
1130 1202 1278 1241 ποιεῖ,
1301 1198 1378 1233 καὶ
1405 1195 1583 1232 δυνατά
1600 1197 1778 1232 Schleier-

360 1245 524 1280 macher:
558 1239 583 1278 ὁὶ
610 1242 732 1279 ἐποίει
757 1244 824 1279 καὶ
857 1242 1022 1279 δυναται
1047 1242 1125 1279 ΒΤ.
1153 1242 1325 1300 Sauppe
1369 1242 1516 1287 scripsit
1551 1239 1574 1276 ἃ
1611 1247 1723 1277 ποιεῖ
1754 1236 1778 1277 ἃ

361 1291 426 1325 καὶ
441 1288 615 1325 δύναται.
641 1289 810 1324 Schirlitz
825 1290 862 1324 et
875 1289 971 1324 Cron
984 1282 1161 1323 malunt
1148 1283 1171 1322 οὶ
1187 1286 1320 1331 ἕποι’,ει
1335 1288 1400 1323 καὶ
1415 1288 1574 1323 δυνατά.
1599 1287 1671 1322 Sed
1684 1287 1780 1322 illud.
1832 1317 1835 1319 .

362 1333 510 1371 δυνατά
536 1340 573 1369 et
591 1345 695 1387 quae
721 1335 799 1369 eius
824 1334 904 1369 1000
930 1334 1139 1368 scribuntur
1162 1334 1316 1368 moleste
1335 1332 1528 1367 abundant
1545 1334 1700 1377 propter
1724 1343 1779 1368 se-

361 1380 516 1425 quentia
541 1376 628 1422 ἐξὸν
653 1377 700 1415 τὰ
728 1381 873 1424 βελτίω,
899 1379 991 1414 haec
1016 1380 1141 1413 autem
1159 1389 1242 1412 cum
1260 1377 1456 1412 Platonica
1479 1388 1559 1412 esse
1583 1379 1778 1427 proximae

360 1424 587 1470 paragraphi
617 1424 648 1459 D
680 1426 718 1459 et
747 1424 775 1459 E
807 1424 986 1466 doceant,
1022 1423 1113 1457 mihi
1149 1423 1274 1457 Astius
1314 1422 1515 1457 rectissime
1557 1422 1778 1457 iudicavisse

360 1471 508 1506 videtur
533 1470 650 1504 verba
678 1470 743 1505 καὶ
768 1470 932 1504 δύναται
964 1479 1009 1503 ex
1033 1468 1342 1519 interpretatione
1378 1467 1577 1502 verborum
1613 1464 1701 1510 ἐξὸν
1731 1463 1778 1502 τὰ

362 1517 500 1561 βελτιω
524 1514 674 1550 fluxisse
702 1519 741 1550 et
765 1526 808 1549 ex
834 1513 998 1549 Platonis
1023 1513 1191 1549 oratione
1217 1513 1414 1548 eximenda
1439 1523 1530 1548 esse.

361 1674 434 1708 dici
471 1673 664 1708 artificium
695 1672 945 1714 transtulerit,
984 1671 1028 1708 cf.

361 1729 520 1773 sympos.
552 1729 589 1762 p
620 1721 684 1752 212
711 1717 754 1752 C:
786 1729 922 1752 τουτον
960 1715 1030 1750 οὐν

361 1763 427 1799 τὸν
460 1763 591 1816 λόγον,
632 1762 659 1796 ὠ
691 1763 852 1815 Φαῖδρε,
892 1760 926 1796 εἰ
960 1773 1031 1806 μεν

362 1807 504 1863 βούλει,
530 1821 579 1848 ως
605 1805 789 1852 ἐγκώμιον
817 1805 896 1847 εἰς’
897 1804 1033 1860 Ἐρωτα

362 1852 520 1909 νόμισον
554 1851 752 1911 εἰρῆσθαι·
787 1851 822 1887 εἰ
853 1851 913 1891 δέ,
948 1847 968 1885 ό
998 1864 1035 1885 τι

362 1900 427 1935 καὶ
444 1896 518 1944 ὅπῃ
537 1899 683 1943 χαίρεις
700 1893 907 1941 ὀνομαζων,
924 1897 1036 1931 τοῦτο

363 1943 554 2033 ἓξῗδοὲζῑ)
573 1943 806 2031 ὃῖΘΑΙΘΙ-ῗῷἶ).
822 1940 1037 2030 11311Πρῗ133ἒ9

365 2037 405 2069 Α.
430 2033 689 2077 Parmenid.p
693 2037 785 2067 133
809 2031 851 2065 D.
879 2031 1036 2066 Phaedr.

364 2093 400 2125 Ρ.
427 2083 492 2114 273
518 2078 556 2115 C
581 2078 628 2113 al.
658 2097 698 2102 —-
725 2074 875 2112 ὁπόθεν
900 2074 1037 2120 ὄνομα

366 2127 436 2167 ζων
471 2123 679 2158 illustratur
715 2122 820 2156 Hom.
852 2121 894 2156 Il.
918 2121 951 2154 X
976 2124 1036 2155 68·

365 2165 562 2225 πατρόθεν
596 2165 636 2203 ἐκ
672 2167 806 2212 γενεῆς
843 2164 1039 2210 ὀνομάζων

366 2212 491 2257 ἄνδρα
518 2212 687 2249 ἕκαστον.

413 2286 441 2316 1.
461 2276 1040 2324 τοῦτο-οἷπόκριναι]1100

367 2326 596 2362 vocabulo
666 2327 795 2359 utere
855 2334 1039 2373 respon-

368 2373 476 2407 dens
494 2370 626 2423 adid,
645 2370 765 2412 quod
789 2369 909 2411 volo,
929 2370 970 2403 ut
988 2367 1041 2402 di-

367 2429 430 2453 cas
466 2417 524 2451 vel
559 2413 600 2451 τὸ
637 2413 713 2470 ηδύ
748 2413 848 2449 εἶναι
887 2412 1041 2458 ἀγαθόν

368 2462 427 2498 vel
451 2460 493 2497 τὸ
520 2461 685 2506 τερπνὸν
712 2459 780 2496 εἶν.
806 2457 962 2504 ἄγ.01;0.

413 2534 445 2567 4
476 2527 525 2564 αἱ
554 2526 623 2563 ἐπι
652 2526 823 2562 τούτου
847 2526 1041 2570 πράξεις

369 2576 750 2620 —]quaecunque
783 2571 954 2621 agimus
991 2582 1040 2606 eo

369 2620 672 2656 tendentes,
733 2618 780 2652 ut
832 2627 1039 2651 Vivamus

371 2666 465 2699 sine
521 2664 680 2698 dolore
735 2672 784 2697 ao
830 2661 1039 2695 iucunde.

371 2708 625 2754 Appositionis
650 2719 765 2752 genus
791 2706 838 2741 ad
862 2718 899 2751 p.
923 2710 988 2741 356
1013 2706 1037 2741 C

371 2755 572 2803 attigimus
615 2752 777 2788 Genitivi
793 2763 900 2786 usum
924 2751 1038 2785 ratio

371 2811 450 2835 rem
474 2798 772 2833 Heindorfius
803 2797 897 2831 bene
924 2796 1039 2841 expli-

372 2845 471 2880 cavit
496 2843 718 2901 comparatis
736 2841 915 2877 eiusmodi
940 2841 1042 2882 locis,

371 2891 408 2924 in
426 2888 643 2934 (111111115ἔπί
665 2888 710 2922 de
736 2888 855 2922 motu
881 2885 1042 2930 intelligi

1100 1670 1258 1715 oportet.
1298 1669 1384 1704 Mox
1412 1668 1527 1703 verba
1550 1668 1614 1703 καὶ
1640 1664 1779 1712 ὥφὲλι·

1101 1728 1172 1766 μοι
1197 1713 1329 1749 merito
1366 1713 1403 1747 in
1435 1713 1668 1757 glossematis
1701 1725 1779 1747 sus-

1101 1760 1285 1805 picionem
1345 1758 1492 1793 vocavit
1545 1757 1774 1793 80111οἰ01*-

1103 1805 1294 1840 macher.
1356 1803 1452 1838 Nam
1492 1814 1537 1838 ex
1577 1813 1634 1848 eo,
1675 1803 1775 1846 quod

1104 1850 1283 1884 honestae
1316 1848 1390 1883 sint
1420 1848 1585 1883 actiones
1617 1849 1780 1891 nostrae,

1105 1895 1143 1929 in
1188 1893 1365 1939 proximis
1405 1893 1554 1928 demum
1594 1892 1781 1937 colligitur

1107 1940 1254 1975 easdem
1290 1949 1368 1973 esse
1394 1938 1508 1973 etiam
1532 1938 1641 1972 utiles
1666 1940 1778 1982 atque

1105 1986 1232 2021 bonas.
1268 1984 1360 2018 Rem
1386 1983 1583 2018 conficiunt
1608 1992 1704 2025 quae
1729 1983 1779 2017 le-

1107 2032 1244 2074 guntur
1268 2040 1303 2073 p.
1330 2031 1395 2063 359
1420 2027 1468 2071 Ε,
1505 2027 1568 2061 ubi
1607 2027 1655 2061 ad
1682 2027 1780 2062 hunc

1107 2076 1229 2110 locum
1254 2073 1463 2126 respicitur
1489 2072 1617 2108 Stazlb.

1153 2123 1184 2155 8.
1210 2114 1232 2164 ἢ
1260 2132 1283 2153 α
1309 2122 1453 2160 ποιει,
1478 2117 1556 2152 καὶ
1583 2114 1777 2162 δυνατά]

1111 2163 1303 2200 Sententia
1335 2163 1540 2197 verborum
1568 2161 1659 2197 haec
1706 2164 1778 2213 est:

1108 2210 1152 2245 Si
1176 2208 1342 2253 igitQur
1374 2209 1558 2251 inquam
1581 2218 1679 2252 ego,
1711 2207 1779 2241 iu-

1109 2254 1300 2290 cundum
1332 2254 1495 2288 bonum
1528 2252 1612 2293 est,
1651 2262 1779 2287 nemo

1109 2300 1186 2343 qui
1217 2299 1288 2334 vel
1321 2298 1439 2334 sciat
1463 2297 1537 2332 vel
1566 2297 1781 2342 opinetur

1109 2345 1202 2380 alia
1250 2355 1347 2379 esse
1402 2343 1596 2378 meliora
1649 2352 1779 2385 quam

1111 2400 1224 2433 quae
1247 2389 1381 2432 facit,
1416 2397 1559 2431 eaque
1591 2398 1687 2422 esse
1712 2388 1780 2421 ta-

1110 2435 1189 2477 lia,
1216 2445 1328 2477 quae
1353 2415 1540 2482 possint
1558 2432 1681 2474 fieri,
1711 2433 1780 2466 ta-

1110 2491 1207 2515 men
1238 2490 1305 2521 ea,
1343 2488 1456 2522 quae
1487 2488 1631 2511 minus
1662 2477 1782 2511 bona

1110 2527 1229 2567 sunt,
1277 2525 1409 2564 facit,
1456 2533 1590 2565 quum
1636 2521 1781 2556 liceat

1111 2580 1247 2614 agere
1277 2568 1479 2603 meliora.
1529 2569 1587 2601 Ad
1617 2563 1714 2609 ἐξὸν
1732 2579 1779 2601 τα

1110 2616 1245 2659 βελτίω
1272 2613 1338 2649 int.
1361 2617 1502 2648 ποιεῖν.
1551 2612 1609 2646 Sic
1633 2622 1718 2645 mox
1744 2622 1780 2665 Ρ

1109 2664 1174 2695 358
1199 2659 1250 2692 D.
1284 2655 1413 2698 οὐδεὶς
1445 2657 1485 2692 τὸ
1518 2658 1646 2702 μεῖζον
1673 2654 1778 2712 αἷρή·

1109 2717 1224 2747 σεται,
1245 2699 1330 2746 ἐξὸν
1349 2701 1390 2738 τὸ
1410 2701 1578 2757 ἔλαττον,
1597 2712 1645 2735 sc.
1664 2699 1781 2753 αἴρεῖ-

1110 2753 1215 2785 σθαι.
1252 2741 1522 2804 111111.Ε;αρᾳ’
1546 2760 1602 2787 τις
1629 2741 1779 2789 ανθρώ-

1109 2807 1188 2829 πων
1221 2789 1399 2836 ἐθελήσει
1431 2789 1493 2827 ἐπὶ
1517 2793 1640 2827 ταῦτα
1666 2790 1779 2833 ἰέναι,

1111 2853 1133 2874 α
1161 2837 1354 2879 δέδοικεν,
1378 2834 1464 2880 εξὸν
1490 2834 1552 2872 ε’πι
1577 2850 1600 2871 α
1626 2834 1695 2881 μής
1728 2847 1779 2871 sc,

1110 2883 1220 2920 ἰέναι.
1245 2882 1374 2918 Stallb.
