1907 3230
619 163 953 199 PROTAGORAS.
979 163 1018 197 P.
1045 166 1108 197 316
1136 162 1202 199 ST.
1565 164 1619 206 63

205 261 289 309 οὖν
320 267 444 308 ἰδέαν
474 267 597 308 πάνυ
628 264 772 314 καλός.
805 265 935 315 ἔδοξα
967 263 1159 306 ἀκοῦσαι
1190 262 1331 317 ὄνομα
1363 261 1482 319 αὐτῷ
1506 261 1621 305 εἶναι

200 332 450 388 Ἀγάθωνα,
482 332 556 376 καὶ
587 331 671 376 οὐκ
691 332 748 376 ἂν
768 332 1054 386 θαυμάζοιμι,
1087 331 1127 372 εἰ
1146 328 1330 372 παιδικά
1352 332 1620 372 Παυσανίου

207 401 416 455 τυγχάνει
438 400 516 444 ὤν.
557 403 630 443 καὶ
651 399 711 443 τώ
738 399 1005 454 Ἀδειμάντω
1027 397 1276 453 ἀμφοτέρω,
1310 396 1334 439 ὅ
1354 413 1399 439 τε
1421 397 1622 453 Κήπιδος

207 467 282 510 καὶ
321 467 344 510 ὁ
382 469 740 523 Λευκολοφίδου,
780 468 853 510 καὶ
893 465 1018 508 ἄλλοι
1053 466 1171 516 τινὲς
1203 466 1458 519 ἐφαίνοντο.
1520 466 1622 519 περὶ

164 557 179 583 5
205 536 254 578 δὲ
293 526 357 578 οἷν
395 537 648 590 διελέγοντο
687 534 770 578 οὐκ
811 534 1041 589 ἐδυνάμην
1072 535 1210 587 ἔγωγε
1240 536 1406 586 μαθεῖν
1436 533 1620 585 ἔξωθεν,

204 606 364 658 καίπερ
395 607 593 657 λιπαρῶς
614 605 726 657 ἔχων
747 602 934 645 άκούειν
955 605 1035 645 τοῦ
1057 601 1290 655 Προδίκου
1313 626 1364 631 -
1386 600 1621 654 πάσσοφος

204 671 289 725 γάρ
327 687 400 726 μοι
439 672 565 713 δοκεῖ
598 669 712 725 ἀνὴρ
746 667 870 712 ἐἶναι
917 669 991 711 καὶ
1028 673 1152 718 θεῖος
1189 693 1243 699 ——
1282 666 1395 709 ἄλλα
1438 666 1510 720 δια
1542 668 1623 722 τὴν

204 740 432 793 βαρύτητα
469 741 545 792 τῆς
582 741 737 792 φωνῆς
766 738 933 792 βόμβος
963 752 1028 786 τις
1059 736 1109 779 ἐν
1140 739 1200 792 τῷ
1232 735 1438 789 οἰκήματι
1468 735 1624 789 γιγνό-

205 821 338 861 μενος
367 804 521 859 ἀσαφῆ
553 806 692 848 ἐποίει
724 804 777 847 τά
810 805 1041 859 λεγόμενα.

161 896 192 921 10
323 871 409 914 Καὶ
430 871 554 927 ἡμεῖς
573 874 656 928 μὲν
677 871 776 926 ἄρτι
800 872 1183 927 εἰσεληλύθαμεν,
1216 869 1407 912 κατόπιν
1429 869 1478 912 δὲ
1499 869 1626 925 ἡμῶν

208 939 481 995 ἐπεισῆλθον
509 939 786 996 Ἀλκιβιάδης
817 955 863 982 τε
895 939 917 982 ὁ
951 939 1101 992 καλός,
1134 935 1193 988 ὠς
1224 935 1313 994 φῂς
1345 936 1402 980 σύ
1433 938 1507 979 καὶ
1540 935 1625 991 ἐγώ

207 1010 436 1063 πείθομαι,
469 1009 543 1050 καὶ
574 1011 757 1063 Κριτίας
788 1007 810 1050 ὁ
843 1010 1171 1060 Καλλαίσχρου.

1645 610 1710 641 316

321 1136 352 1168 1.
379 1131 518 1173 καλὸς
535 1131 581 1166 T:
609 1132 730 1172 καλῶς
748 1132 788 1174 Β,
815 1142 1013 1177 perperam
1032 1130 1241 1182 Stephanus
1260 1129 1472 1183 corrigebat
1498 1126 1626 1164 καλόν.

207 1181 238 1213 3.
275 1176 500 1229 τυγχάνει
537 1175 613 1212 (ὅντ
652 1178 739 1222 post
767 1177 860 1212 11360
892 1176 1008 1211 verba
1039 1175 1126 1210 libri
1158 1175 1322 1209 inferunt
1358 1171 1460 1210 τοῦτ’
1499 1173 1547 1219 ἠν
1585 1173 1627 1209 τὸ

208 1217 429 1266 μειράκιον,
462 1222 507 1257 de
541 1233 612 1266 quo
631 1222 983 1277 interpretamento
1014 1221 1088 1256 vid.
1123 1220 1226 1254 Stud.
1253 1220 1344 1274 phil.
1370 1231 1405 1274 p.
1431 1223 1497 1255 845
1511 1231 1564 1263 sq.
1592 1220 1629 1253 et

206 1267 305 1301 infra
323 1249 512 1302 anno’tata.
562 1272 591 1302 7.
617 1264 734 1312 ἁνὴρ
715 1267 899 1310 QBekker
916 1266 1074 1311 scripsit,
1102 1263 1202 1310 ἀνὴρ
1222 1265 1301 1307 BT,
1327 1261 1345 1300 ὁ
1375 1262 1473 1308 ἀνὴρ
1500 1274 1629 1308 apogr.

209 1317 261 1347 11.
283 1310 581 1357 Ἀλκιβιάδης
607 1325 669 1347 ts:
697 1323 834 1347 0111.τε
859 1312 900 1346 Β.

208 1424 468 1468 Stephanus
485 1424 637 1459 volebat
649 1423 779 1460 καλόν.
799 1424 884 1459 Νο11

208 1480 311 1523 opus.
338 1481 370 1505 v.
392 1469 677 1505 Phavorinus
701 1482 727 1505 s.
748 1481 781 1505 v.
801 1473 883 1504 κλυ-

208 1514 281 1554 τός.
329 1517 420 1554 Τοῖς
446 1511 668 1567 οὐδετέροις
696 1512 881 1572 ὀνόμασιν

208 1557 391 1618 αρσενικὰ
417 1560 482 1594 καὶ
512 1558 682 1615 θηλυκά
705 1557 882 1602 ἐπίθετα,

208 1605 273 1640 καὶ
305 1601 467 1661 μετοχὰς
500 1603 703 1660 ἄρσενικοῖς
739 1618 778 1640 τε
815 1606 880 1640 καὶ

207 1649 384 1703 θηλυκάς
410 1649 682 1703 ἐπιφέρουσιν
704 1649 786 1685 οἷον
820 1648 880 1686 εὖ·

209 1692 312 1738 φυὴς
336 1695 509 1738 παιδίον,
541 1696 605 1730 καὶ
638 1693 768 1739 κόριον
793 1699 883 1730 κοιλ-

211 1742 328 1795 λίστη,
342 1741 408 1774 καὶ
423 1741 585 1785 γύναιον
603 1738 802 1793 ἐρχομένη,
818 1741 884 1775 καὶ

209 1784 412 1829 μειράκιον
438 1786 553 1839 λέγων
579 1783 654 1821 κτὲ
681 1785 809 1822 Stallb.

257 1835 286 1864 1.
330 1829 471 1873 ἔδοξα
512 1827 727 1876 ἄκουσαι]
766 1831 884 1865 ‘visus

209 1875 301 1910 mihi
326 1886 405 1909 sum
431 1875 641 1910 311ᾶ116’-
668 1886 798 1910 verum
816 1886 883 1921 pro

211 1921 311 1956 certo
326 1920 510 1955 affirmare
530 1931 602 1955 11011
621 1921 751 1963 ausim,
769 1931 883 1963 quum

210 1965 290 2000 fieri
319 1965 500 2009 potuerit,
532 1968 574 2000 ut
598 1977 795 2010 perperam
822 1976 884 2000 au-

211 2010 352 2045 dierim.
394 1992 601 2054 Agatlionis
625 2022 760 2045 nomen
786 2011 886 2055 apud

212 2055 368 2090 Calliam
406 2055 514 2090 facile
551 2067 573 2091 a
604 2057 782 2100 quopiam
819 2067 884 2101 ap-

209 2100 346 2151 pellari
370 2101 492 2144 potuit
514 2100 552 2135 in
576 2111 763 2136 consessus
781 2112 886 2145 prae-

210 2145 423 2225 ξ’ἰιξ3ῧοη6,
462 2156 556 2189 quae
592 2146 812 2181 describitur
847 2159 885 2192 p.

258 2239 288 2272 2
335 2234 375 2270 εἰ
410 2233 612 2270 παιδικα
646 2239 693 2271 Π.
726 2251 756 2271 τ.
798 2232 886 2282 ὧν]

215 2280 536 2315 Constructionem
552 2291 597 2314 ne
606 2280 759 2320 mireris,
769 2282 887 2316 multo

215 2325 389 2360 audacius
420 2325 577 2360 Phaedr.
604 2337 638 2369 p
665 2328 797 2360 240A:
834 2325 888 2361 ἔτι

215 2373 348 2406 τοίνυν
372 2368 536 2416 ἄγαμον,
563 2367 728 2414 απαιὸα,
755 2385 889 2406 αοικον

214 2429 232 2450 o
267 2429 301 2450 τι
337 2419 514 2451 πλεῖστον
552 2416 688 2473 χρόνον
720 2398 889 2450 παιδικὰ

216 2458 375 2506 ἐραστὴς
423 2458 552 2504 εὕξαιτ
612 2475 660 2496 αν
703 2461 889 2505 γενέσθαι

216 2506 344 2541 Stallb.

262 2556 292 2586 3.
319 2548 543 2595 τυγχάνει
563 2548 620 2586 ὤν
626 2551 649 2598 ]
665 2551 764 2606 Quae
780 2551 889 2604 vulgo

217 2597 422 2648 sequuntur
436 2597 550 2631 verba
568 2595 672 2631 τοῦτ’
694 2591 737 2640 ἦν
755 2594 795 2631 τὸ
815 2609 891 2640 μει-

217 2639 352 2683 ράκιον
379 2642 412 2675 h.
442 2652 473 2677 e.
498 2642 536 2676 id
562 2643 642 2676 erat
667 2642 891 2683 adolescens,

217 2687 282 2724 int
301 2684 478 2730 παιδικά,
506 2697 550 2721 ea
567 2687 613 2721 ad
630 2686 791 2721 Socratis
809 2698 891 2721 con-

217 2733 408 2773 maturam,
423 2743 498 2775 qua
511 2732 746 2776 Agathonem
761 2744 783 2767 a
796 2733 890 2766 Pau-

220 2776 321 2811 sania
341 2778 458 2812 amari
478 2778 684 2828 suspicatus
698 2783 788 2817 erat,
810 2788 891 2811 con-

219 2820 434 2856 firmandam
461 2822 624 2857 Platonis
655 2823 860 2857 orationis·
845 2822 890 2856 ‘ab

157 2894 161 2897 .
222 2865 346 2909 aliquo
370 2867 466 2901 inter
484 2867 682 2912 legendum
708 2868 891 2912 apposita,

953 1425 1087 1468 postea
1111 1425 1237 1458 autem
1263 1434 1285 1457 a
1308 1422 1470 1457 librariis
1488 1422 1632 1457 inserta

953 1470 1056 1510 sunt,
1085 1479 1158 1512 quo
1182 1469 1322 1502 factum
1342 1469 1408 1510 est,
1436 1469 1476 1502 ut
1492 1467 1629 1502 Pausa-

952 1513 1032 1548 nias
1051 1516 1089 1548 et
1106 1513 1265 1557 Agatho,
1292 1513 1355 1557 qui
1371 1513 1471 1547 inter
1487 1524 1525 1547 se
1544 1523 1629 1547 con-

951 1559 1067 1593 iuncti
1081 1559 1191 1593 alteri
1203 1559 1284 1610 pari
1298 1558 1541 1601 audientium,
1551 1569 1630 1592 am-

951 1604 1070 1639 bobus
1095 1603 1321 1646 Adimantis‚
1347 1603 1509 1649 oppositi
1533 1604 1630 1645 sunt,

951 1650 1119 1684 oratione
1135 1649 1417 1683 divellerentur.
1455 1648 1567 1682 Plura
1585 1649 1630 1682 de

953 1693 1158 1773 htsVllrbis
1185 1693 1257 1728 vid.
1284 1694 1322 1727 in
1347 1693 1502 1738 praefat.
1529 1704 1565 1737 p
1580 1693 1629 1726 VI

955 1750 973 1774 e

1000 1781 1054 1818 τώ
1076 1781 1363 1833 Ἀδειμάντου]
1379 1782 1630 1823 Adimanti,

955 1828 1140 1878 Cepidis
1164 1828 1245 1869 filii,
1272 1828 1412 1863 mentio
1438 1827 1497 1870 fit,
1532 1812 1633 1872 quocl

955 1884 1125 1916 sciamus,
1140 1873 1231 1908 ahb1
1244 1885 1445 1917 nusquam
1464 1855 1629 1914 alterius,

955 1918 1019 1963 qui
1046 1918 1417 1969 Leucoloph-idae
1442 1917 1539 1952 filius
1566 1929 1630 1962 ap-

954 1964 1132 2008 pellatur,
1191 1974 1386 2000 rarissime
1450 1963 1504 1998 De
1562 1963 1632 1997 hoc

954 2009 1265 2044 Hemsterhus
1291 2010 1338 2042 ad
1360 2008 1510 2042 Lucian.
1537 2008 1630 2042 Tim.

955 2065 990 2099 p.
1009 2057 1071 2088 541
1096 2053 1152 2088 ed.
1179 2054 1307 2088 Lehm.
1342 2053 1501 2088 conferri
1529 2053 1637 2087 iubet

955 2099 1079 2133 Xeno
1088 2099 1155 2143 111
1181 2098 1275 2136 Hist
1302 2097 1363 2133 Gr.
1391 2098 1437 2141 11,
1462 2102 1495 2141 4,
1521 2103 1561 2132 21
1597 2100 1634 2132 et

957 2111 1101 2180 Scholl.
1117 2143 1164 2178 ad
1178 2144 1366 2188 Aristoph.
1380 2144 1472 2178 Ran.
1486 2155 1519 2179 v
1536 2146 1635 2179 1561

956 2188 1081 2224 Stalzb.
1107 2188 1190 2226 Vid
1210 2189 1380 2224 Meineke
1398 2188 1546 2232 Fragm.
1565 2187 1633 2223 Co-

957 2234 1040 2268 mic
1067 2233 1196 2268 Graec
1226 2234 1268 2271 ΙΙ,
1296 2246 1333 2289 p.
1353 2238 1430 2269 513.

1003 2283 1033 2316 7
1067 2280 1206 2314 δοκεῖ
1231 2277 1346 2323 ἁνηρ
1389 2279 1515 2313 εἶναι
1556 2291 1634 2313 και

958 2325 1106 2369 θεῖος]
1128 2323 1634 2378 Β616ΡΙΡ.331ΕιΣιμω-

958 2371 1053 2423 νίδῃ
1090 2383 1131 2415 γε
1172 2382 1216 2404 ου
1257 2368 1395 2415 ράδιον
1441 2366 1633 2404 απιστεῖν·

959 2414 1106 2495 iffi.
1114 2407 1455 2512 (1311εὲ113
1458 2411 1500 2514 :3
1512 2411 1635 2511 «535

961 2507 1028 2539 καί
1057 2519 1123 2550 μοι
1154 2506 1270 2540 δοκεῖ
1297 2505 1390 2544 θεὸς
1427 2517 1496 2557 μεν
1535 2500 1634 2546 ανὴρ

960 2549 1138 2594 οὐδαμῶς
1157 2549 1270 2607 εἶναι,
1287 2553 1398 2589 θεῖος
1415 2547 1508 2594 μήν
1527 2547 1634 2583 πάν-

960 2609 1038 2636 τας
1074 2609 1146 2641 γαρ
1185 2592 1256 2639 ἐγὼ
1298 2592 1406 2635 τοὺς
1446 2591 1635 2647 φιλοσό-

961 2654 1076 2685 φους
1102 2640 1297 2680 τοιούτους
1322 2637 1606 2693 προσαγορεύω.

1005 2686 1044 2721 Ρ.
1055 2691 1130 2721 316.
1151 2691 1206 2727 ὡς
1232 2685 1319 2731 φῂς
1343 2682 1459 2741 σὺ]ν.
1472 2696 1506 2729 p
1517 2683 1634 2719 309A.

1008 2736 1059 2769 12.
1092 2732 1167 2766 καὶ
1201 2733 1395 2773 Κριτίας
1429 2729 1447 2764 ὁ
1472 2729 1533 2773 Κ.]
1573 2729 1637 2762 Est

960 2776 1020 2811 hic
1045 2776 1215 2812 Critias
1239 2776 1320 2818 ille,
1355 2787 1466 2820 quem
1492 2775 1638 2808 constat

961 2818 1183 2866 ὀλιγαρχίας
1219 2821 1330 2855 fuisse
1367 2821 1460 2855 adeo
1497 2819 1635 2853 studio-

961 2878 1059 2908 sum,
1093 2869 1133 2901 ut
1164 2866 1322 2901 crudelis
1353 2868 1391 2900 et
1420 2863 1637 2908 impotentis
