1907 3230
619 146 948 183 PRoTAGORAs.
973 147 1011 182 Ρ
1039 151 1103 183 313
1129 147 1197 182 sr.
1518 131 1523 135 ’
1564 150 1620 192 55

203 249 264 301 δέ,
295 241 354 301 ἦν
374 245 416 288 6’
441 247 544 300 ἐγώ,
567 246 685 302 ψυχὴ
707 250 816 296 τίνι;
850 248 1102 303 Μαθημασι
1123 247 1286 303 δήπου,
1310 265 1343 290 ω
1368 249 1618 302 Σώκρατες.

201 313 289 356 Και
319 312 439 364 ὅπως
468 329 518 368 γε
548 316 624 368 μή,
656 316 688 355 ὠ
723 313 882 369 ἑταῖρε,
915 313 938 357 ὁ
969 314 1185 369 σοφιστὴς
1208 316 1406 358 ἐπαινῶν
1428 315 1458 357 εἳ
1478 319 1621 358 πωλεῖ

203 380 510 436 ἐξαπατήσει“
486 383 613 435 ημᾶς,
645 380 796 434 ω’σπερ
817 382 865 423 οἱ
879 381 982 435 περι
1001 381 1082 436 τὴν
1102 385 1184 424 τοῦ
1205 385 1407 437 σωματος
1429 385 1617 438 τροφήν,

201 447 224 490 ὁ
255 450 447 503 ἔμπορός
476 464 522 491 τε
553 449 626 490 καὶ
657 450 865 502 κάπηλος.
912 450 986 490 καὶ
1015 465 1102 503 γαρ
1134 443 1265 492 οὗτοί
1290 465 1378 492 που
1399 451 1464 492 ὠν
1485 449 1617 504 ἄγου·
1643 451 1674 485 D

161 539 178 564 5
203 527 277 558 σιν
307 515 547 571 αγωγίμων
578 513 681 558 οὔτε
711 514 840 558 αὐτοι
873 519 1023 559 ι”σασιν
1047 515 1070 558 ὅ
1091 532 1132 559 τι
1152 517 1346 573 χρηστὸν
1367 515 1398 572 ἠ
1419 516 1620 573 πονηρὸν

200 583 299 638 περὶ
329 582 377 626 τὸ
411 587 558 637 σῶμα,
602 584 839 626 ἐπαινοῦσι
870 584 918 625 δὲ
950 584 1095 626 πάντα
1125 587 1402 639 πωλοῦντες,
1443 583 1548 627 οὕτε
1580 585 1625 627 οἱ

201 649 450 704 ὠνούμενοι
480 650 587 706 παρ’
620 649 786 705 αὐτῶν,
828 651 909 693 ἐὰν
939 652 998 706 μή
1028 668 1093 702 τις
1122 649 1232 708 τύχῃ
1263 650 1564 707 γυμναστικὸς
1592 653 1620 707 ἢ

202 717 349 772 ἰατρὸς
386 717 463 761 ὤν.

523 717 640 760 οὕτω
679 719 728 761 δὲ
769 719 842 760 καὶ
882 719 928 761 οἱ
961 717 1014 761 τοὶ
1052 719 1292 774 μαθήματα
1331 721 1620 774 περιάγοντες

200 785 312 828 κατὰ
342 785 419 836 τὰς
449 785 599 835 πόλεις
630 802 703 827 και
734 788 988 836 πωλοῦντες
1018 786 1091 828 καὶ
1122 785 1449 841 καπηλεύοντες
1470 789 1531 843 τῷ
1553 785 1620 828 ἀεὶ

153 876 184 901 10
203 853 500 907 ἐπιθυμοῦντι
542 854 779 896 ἐπαινοῦσι
815 869 898 908 μεν
938 853 1084 895 πάντα
1122 851 1149 895 ὁὶ
1179 857 1402 908 πωλοῦσι,
1435 857 1545 908 τάχα
1576 853 1618 895 6'

200 919 256 962 ἄν
286 936 423 974 τινες,
467 921 498 962 ὠ
532 919 705 974 ἄριστε,
748 937 822 963 και
852 921 1026 963 τούτων
1057 920 1263 975 ἀγνοοιεν
1293 923 1358 964 ὠν
1389 925 1620 964 πωλοῦσιν

202 986 225 1029 ὅ
254 1004 295 1030 τι
335 987 528 1042 χρηστὸν
565 985 593 1043 ἢ
625 988 826 1043 πονηρὸν
858 988 968 1044 πρὸς
998 988 1080 1044 τὴν
1110 988 1279 1044 ψυχήν·
1312 1006 1372 1039 ως
1402 988 1443 1031 6’
1475 988 1620 1038 αὕτως

201 1055 277 1097 καὶ
309 1056 354 1096 oc
381 1050 631 1109 ὠνούμενοι
662 1055 767 1110 παρ’
802 1055 967 1111 αὐτῶν,
1002 1055 1081 1099 ε’ἀν
1111 1056 1170 1111 μή
1200 1073 1266 1106 τις
1286 1057 1395 1112 τύχῃ
1418 1057 1517 1111 περὶ
1538 1055 1620 1111 τὴν

201 1168 264 1202 sed
292 1168 408 1202 verba
433 1166 481 1213 ἠν
509 1164 545 1203 6'
575 1166 646 1213 ἐγώ
673 1169 798 1211 aliquo
824 1179 909 1204 casu
934 1169 971 1203 in
989 1169 1202 1204 inferiorem
1219 1180 1365 1204 versum
1385 1169 1512 1204 delata
1527 1169 1618 1203 illud

200 1228 227 1248 ω
258 1211 459 1256 Σώκρατες
485 1213 566 1248 loco
592 1224 658 1247 suo
690 1214 902 1256 moverunt3
936 1225 1021 1248 nam
1053 1214 1265 1257 quaerentis
1297 1216 1422 1258 partes
1448 1215 1528 1259 agit
1552 1214 1619 1248 So-

199 1260 333 1299 crates,
361 1259 619 1308 respondentis
644 1259 890 1309 Hippocrates
917 1261 955 1293 et
978 1259 1169 1301 utriusque
1195 1270 1375 1303 personae
1402 1270 1447 1294 ea
1470 1261 1619 1294 tantum

198 1313 295 1347 quae
321 1313 390 1357 ego
415 1302 529 1337 tribui
554 1304 750 1338 convenire
775 1303 1026 1338 demonstravi
1050 1304 1086 1338 in
1105 1304 1206 1341 Stud.
1223 1304 1352 1348 philol.
1369 1317 1404 1358 p.

1425 1308 1616 1339 837—841.

289 1352 319 1384 2.
347 1360 468 1387 οπως
494 1360 541 1391 γε
567 1345 624 1393 μὴ
644 1368 687 1372 -
706 1346 999 1394 ἐξαπατήσει
1026 1348 1190 1383 Bekker:
1223 1316 1446 1395 ἐξαπατήσῃ
1469 1349 1548 1384 ΒΤ.
1575 1350 1618 1386 cf.

198 1393 346 1437 Krt'iger
371 1397 425 1435 54,
451 1397 482 1436 8,
510 1397 540 1430 7.

197 1495 288 1538 τες]
336 1494 391 1528 his
432 1494 571 1537 verbis,
619 1505 715 1537 quae
755 1495 877 1539 primo

197 1540 349 1584 aspectu
367 1550 644 1584 supervacanea
668 1539 877 1583 videantur,

198 1584 369 1619 Socrates
395 1584 534 1627 simile,
562 1584 661 1628 quod
686 1585 876 1629 persequi-

201 1633 279 1670 tur,
313 1629 447 1663 clarius
472 1611 664 1672 1111111)οᾳ116
690 1629 876 1664 efficacius

197 1674 331 1709 reddit.
380 1674 627 1719 Hippocrates
652 1676 787 1717 autem,
813 1675 877 1725 qui

198 1719 309 1754 modo
349 1720 529 1754 concessit
563 1719 768 1763 sophistam
806 1719 876 1754 sibi

197 1765 443 1799 mercatorem
453 1764 514 1798 vel
524 1775 729 1814 cauponem
746 1775 874 1798 earum

197 1808 374 1844 mercium
399 1808 535 1851 videri,
568 1808 703 1852 quibus
730 1809 873 1843 animus

197 1853 322 1897 alitur,
349 1854 481 1904 nequit
503 1854 752 1898 interrogare,
785 1865 872 1898 qua-

197 1910 283 1933 nam
319 1910 357 1934 re
395 1899 538 1933 animus
576 1899 714 1939 alatum
751 1910 871 1942 neque

198 1944 347 1977 omnino
380 1943 428 1987 is,
461 1943 526 1987 qui
551 1944 599 1978 ad
624 1945 871 1978 mercaturam

197 1988 449 2023 doctrinarum
508 1989 713 2023 rofecturus
749 1989 873 2023 omnia

197 2045 265 2068 sua
295 2033 460 2068 amicoru
529 2045 573 2069 ue
604 2034 703 2068 bona
732 2033 873 2078 impen-

198 2079 285 2114 dere
300 2080 453 2122 paratus
468 2080 559 2121 erat,
579 2078 718 2114 nescire
736 2079 871 2123 potuit,

198 2123 297 2166 quod
312 2125 409 2157 esset
422 2124 536 2157 animi
545 2124 756 2175 ingeniique
766 2125 872 2168 quasi

195 2168 391 2213 pabulum,
419 2169 463 2203 de
489 2179 562 2211 quo
587 2180 661 2203 iam
686 2169 870 2222 Empedo—

197 2213 271 2248 cles
307 2225 340 2247 v,
375 2218 453 2248 105:
497 2211 581 2248 ἀλλ’
625 2212 694 2258 ἄγε
734 2213 871 2258 μύθων

197 2261 334 2294 κλῦθι·
371 2256 481 2302 μάθη
519 2259 590 2303 γάρ
630 2272 688 2294 τοι
727 2259 870 2302 φρένας

197 2301 320 2347 αὔξει,
334 2303 433 2338 unde
449 2303 616 2339 Clemens
627 2303 726 2338 Alex
737 2303 871 2341 Strom

196 2348 229 2383 V
255 2348 365 2383 5890
397 2346 420 2393 ἠ
436 2346 626 2402 μάθησις
664 2346 750 2383 κατ’
788 2345 871 2392 Ἐμ·

197 2392 389 2428 πεὸοκλέα
403 2391 470 2434 τὰς
485 2395 628 2438 φρένας
644 2390 765 2437 αυξει.
785 2393 871 2435 Qui-

196 2440 267 2473 bus
286 2439 392 2482 adde,
412 2440 511 2482 quod
529 2439 673 2473 Socrati
690 2450 756 2484 per
769 2449 872 2473 suam

199 2467 487 2528 argumentandi
521 2485 701 2519 rationem
735 2484 873 2517 1101111-

198 2530 275 2563 cuit
299 2529 519 2581 simpliciter
543 2529 766 2573 respondere
786 2532 873 2563 Ma-

197 2570 349 2618 θήμασι
375 2571 716 2618 671'7rcv.Debebat
740 2574 802 2608 1116
828 2584 873 2608 ex

198 2618 440 2664 Hippocrate,
467 2630 554 2653 num
582 2619 653 2653 sibi
678 2618 873 2654 assentire-

196 2664 275 2704 tur,
301 2675 498 2708 quaerere,
532 2666 573 2698 ut
597 2667 697 2699 recte
722 2666 801 2698 tum
827 2664 873 2698 de

196 2709 360 2753 periculo
397 2709 484 2744 talis
521 2711 751 2744 mercaturae
790 2720 873 2744 eum

199 2754 398 2789 admonere
434 2756 569 2799 posset.
616 2754 722 2789 Hanc
761 2754 872 2788 inter-

199 2799 449 2842 pretationem
455 2800 626 2858 probant
635 2800 746 2834 etiam
758 2799 873 2834 verba
903 2830 906 2836 .

199 2854 235 2887 p.
260 2848 324 2879 313
348 2844 395 2878 E:
429 2844 464 2879 εἰ
496 2842 697 2889 τυγχάνεις
729 2843 873 2889 ἐπιστή-

947 1508 1028 1539 μων
1054 1518 1096 1523 —
1126 1490 1333 1547 ἀσφαλές
1375 1508 1445 1531 σοι
1487 1491 1620 1530 ωνεῖ-

948 1543 1059 1575 σθαι
1094 1537 1352 1585 μαθήματα
1383 1539 1486 1583 παρὰ
1515 1543 1619 1584 Πρω-

947 1581 1121 1630 ταγόρου.

991 1652 1022 1684 4,
1048 1641 1105 1681 ὧν
1133 1644 1329 1690 ἄγουσιν
1361 1644 1620 1698 ἀγωγίμων]

947 1692 1142 1726 Genitivus
1158 1693 1299 1745 pendet
1319 1704 1340 1726 a
1354 1693 1534 1745 proximis
1548 1692 1621 1726 illis

942 1732 1028 1816 {3-1112‘
1042 1751 1090 1815 ἐξ
1098 1749 1140 1815 ηὲ
1202 1733 1452 1816 ηΧπὲἔέρόέ’
1470 1738 1621 1817 &3⁰1

943 1830 981 1869 2,
1018 1830 1078 1860 54:
1121 1828 1186 1861 τοῦ
1202 1794 1447 1881 σωματοῐς)
1435 1823 1454 1862 ό
1496 1841 1531 1861 τι
1572 1821 1620 1862 ἂν

943 1870 1101 1915 οἶχρειον
1126 1871 1148 1918 ᾑ
1174 1873 1238 1906 καὶ
1257 1869 1463 1916 ἀνωφελές.
1488 1871 1619 1909 Stallb.

989 1938 1019 1968 5.
1037 1946 1085 1977 χρ
1066 1930 1287 1977 ρηστὸν-
1295 1934 1399 1977 περι
1417 1947 1464 1969 το
1483 1933 1618 1979 σωιια]

941 1980 1113 2028 praefert
1145 1977 1253 2013 Plato
1299 1989 1338 2012 m
1385 1979 1441 2013 his
1490 1979 1619 2013 ditivo

942 2022 1238 2067 praepositiones
1255 2025 1353 2066 περί,
1378 2020 1492 2075 πρός
1500 2027 1538 2058 et
1565 2025 1619 2064 είς

943 2082 988 2106 τι
1016 2068 1142 2102 statim
1159 2069 1245 2113 post
1261 2068 1408 2114 scripsit
1426 2066 1518 2112 πρὸς
1544 2066 1622 2121 τὴν

940 2113 1092 2157 ψυχήν,
1126 2112 1238 2167 Gorg.
1264 2118 1329 2149 517
1354 2113 1385 2147 D
1419 2113 1568 2149 εἰδέναι
1599 2111 1622 2148 ό

940 2172 976 2193 τι
1002 2158 1043 2193 τὸ
1070 2156 1256 2212 χρῃστόν..
1258 2159 1332 2216 καὶ,
1347 2157 1515 2217 πονηρὸν
1547 2160 1622 2194 τῶν

941 2205 1071 2238 σι’τιων
1102 2199 1126 2247 ἢ
1158 2203 1284 2238 ποτῶν
1316 2202 1416 2239 ἐστιν
1451 2203 1505 2244 εἰς
1531 2202 1612 2245 ἄρε-

940 2247 1010 2301 τὴν
1028 2248 1096 2282 τοῦ
1115 2246 1298 2302 σώματος,
1311 2251 1357 2284 (16
1375 2250 1447 2295 leg,
1464 2261 1499 2294 p.
1516 2249 1619 2285 697ss

940 2306 987 2328 τοι
1012 2294 1098 2351 nso}
1125 2291 1194 2337 τὴν
1220 2295 1352 2347 ψυχὴν
1377 2278 1532 2349 ἁγαθοὶ.
1550 2294 1617 2328 ,τά

941 2336 1230 2418 35⁹²0525ffig‘5ss0‘
1251 2336 1451 2419 3:533„ssssss
1471 2337 1620 2419 ἆζέῗέζῑ

942 2428 1219 2486 Theophlastus
1243 2429 1303 2472 (de
1324 2430 1423 2465 odor
1445 2429 1534 2464 VIII
1553 2430 1618 2482 35)

941 2471 983 2508 τὸ
1002 2471 1192 2517 ρόὸινον
1175 2487 1331 2526 αριστον
1352 2471 1446 2532 πρὸς
1468 2488 1516 2509 τα
1541 2473 1619 2509 ὠτα

943 2520 982 2553 et
1006 2519 1118 2571 paulo
1151 2520 1237 2573 post
1266 2517 1307 2554 τὸ
1345 2518 1502 2564 ῥ’όδινον
1539 2523 1619 2559 τοῖς

943 2562 1036 2599 ὦσιν
1068 2559 1222 2609 α’γαθόν
1249 2563 1352 2598 dixit.

990 2625 1044 2658 12,
1061 2620 1116 2660 ὣς
1136 2616 1172 2655 6’
1195 2615 1356 2675 aijtoeg„
1360 2621 1437 2655 καὶ
1463 2619 1506 2654 οἷ
1530 2615 1615 2660 cim]

944 2664 1014 2699 Int.
1041 2663 1222 2718 ἀγνοοίεν
1253 2659 1302 2700 ἂν
1333 2661 1356 2700 ὅ
1388 2680 1423 2700 τι
1455 2661 1618 2719 χρηστὸν

944 2724 966 2753 ⁷1
1010 2708 1209 2765 πονηρὸν
1207 2707 1315 2762 πρὸς
1357 2724 1426 2755 την
1471 2708 1618 2755 ψυχήν.

942 2754 990 2789 Et
1020 2769 1069 2796 ως
1100 2753 1138 2791 6'
1166 2749 1306 2798 αὕτως,
1332 2757 1374 2790 ut
1399 2766 1521 2800 saepe,
1549 2765 1616 2799 pro

943 2797 1121 2841 ωσαϋτως
1137 2800 1180 2836 δέ
1199 2801 1339 2835 dictum
1357 2801 1423 2843 est,
1441 2800 1616 2835 v.Sta11b.

943 2845 990 2879 ad
1014 2845 1203 2884 Phaedon
1227 2858 1264 2891 p.
1294 2849 1356 2881 102
1374 2845 1414 2880 Ε.
