1907 3230
633 724 1065 771 PROLEGOMEN
1068 725 1111 770 A

834 834 899 868 AD

514 925 1247 980 PROTAGORAM..

268 1117 496 1171 Inscriptio
534 1116 658 1158 huius
697 1116 858 1172 dialogi
888 1116 991 1158 haec
1021 1118 1180 1158 tradita
1212 1120 1296 1159 est:
1338 1119 1579 1172 Πρωταγό-

157 1189 237 1225 ρας
274 1172 301 1227 ἢ
335 1175 571 1226 Σοφισταί.
633 1172 711 1221 Qui
749 1173 902 1227 duplex
942 1173 1091 1215 titulus
1123 1188 1378 1228 quamquam
1407 1188 1495 1215 non
1527 1175 1579 1216 ad

159 1229 294 1283 ipsius
321 1229 516 1270 Platonis
546 1230 845 1270 auctoritatem
876 1229 1121 1270 referendus
1153 1233 1218 1271 est
1247 1230 1462 1284 alteraque
1493 1232 1582 1272 eius

156 1300 254 1340 pars
295 1300 319 1326 a
357 1287 500 1326 vetere
538 1285 717 1338 quodam
755 1286 1033 1339 grammatico
1073 1286 1139 1326 vel
1179 1286 1374 1340 critico¹)
1416 1286 1582 1328 adiecta

159 1344 239 1395 est,
263 1344 410 1382 tamen
432 1355 481 1382 ea
502 1341 594 1395 ipsa
614 1355 658 1382 re
679 1347 912 1395 monemur,
944 1344 992 1383 ut
1021 1342 1107 1396 qui
1139 1341 1410 1396 sophistae
1442 1343 1579 1396 apud

155 1397 387 1439 Graecos
430 1397 564 1438 dieti
611 1398 720 1438 sint
766 1397 949 1439 breviter
995 1398 1267 1451 explicemus
1329 1398 1429 1439 Fuit
1466 1400 1579 1440 enim

154 1454 260 1495 illud
297 1467 455 1495 nomen
494 1453 588 1494 aliis
626 1454 889 1507 temporibus
926 1454 1292 1505 honestissimum,
1341 1454 1434 1495 aliis
1473 1455 1578 1496 adeo

156 1509 429 1560 invidiosum,
462 1511 511 1550 ut
531 1509 665 1560 multi,
697 1524 752 1550 ne
773 1510 993 1552 hominum
1016 1514 1310 1564 premerentur
1330 1510 1438 1564 odio,
1461 1511 1580 1552 illam

156 1565 487 1620 appellationem
520 1569 859 1620 aspeimnarentur
909 1568 1050 1621 Atque
1081 1567 1396 1630 antiquissimis
1418 1569 1580 1630 tempo-

154 1623 270 1663 ribus
293 1621 507 1676 sophistae
529 1636 676 1663 omnes
697 1622 900 1676 appellati
922 1626 1032 1675 sunt,
1056 1623 1128 1677 qui
1148 1624 1247 1664 vel
1235 1623 1398 1686 ingenii
1416 1624 1579 1678 magni-

157 1678 304 1719 tudine
335 1693 558 1732 rerumque
589 1693 667 1719 usu
698 1679 764 1719 vel
796 1679 1021 1732 disciplina
1052 1679 1194 1733 aliqua
1213 1694 1442 1733 praecipua
1462 1693 1579 1743 prae-

154 1738 218 1775 ter
250 1736 412 1775 ceteros
443 1748 588 1788 sapere
620 1734 697 1775 visi
729 1738 842 1787 sunt,
876 1738 923 1775 ut
952 1735 1066 1775 inter
1095 1735 1329 1789 sophistam
1351 1738 1392 1776 et
1413 1736 1579 1789 sapien·

154 1793 241 1831 tem
271 1790 379 1831 nihil
410 1790 642 1831 interesset.
689 1790 747 1831 Et
777 1791 917 1844 patuit
946 1791 1050 1831 illud
1081 1805 1239 1832 nomen
1270 1805 1398 1845 aeque
1422 1791 1508 1832 lat-e
1529 1806 1578 1833 ac

157 1861 315 1888 nomen
349 1848 521 1899 σοφίας,
554 1846 665 1887 unde
687 1846 868 1900 ducitur,
902 1861 984 1901 quo
1006 1847 1228 1898 vocabulo,
1261 1847 1390 1889 Suida
1410 1847 1577 1911 teste²)‚

156 1902 387 1956 quamlibet
408 1902 690 1955 disciplinam,
722 1904 765 1943 et
785 1905 918 1944 artem
941 1905 983 1944 et
1002 1904 1273 1957 prudentiam
1295 1906 1420 1958 atque
1442 1904 1578 1945 seien-

153 1959 257 1999 tiam
299 1958 612 2012 significabant.
671 1958 845 1999 Praeter
883 1973 952 2000 eos
992 1959 1064 2013 qui
1104 1960 1412 2013 perspiciendis
1451 1960 1577 2001 rebus

158 2015 288 2055 dediti
320 2017 460 2064 erant,
493 2013 725 2068 sophistico
756 2015 929 2056 nomine
959 2015 1143 2056 maxime
1175 2015 1312 2079 digni
1323 2016 1577 2057 videbantur

154 2084 243 2111 esse
280 2073 429 2124 poetae
442 2070 499 2133 3),
534 2070 586 2111 ad
628 2085 732 2124 quos
768 2071 905 2112 omnis
937 2072 1171 2125 sapientiae
1204 2072 1392 2127 origines
1422 2072 1576 2113 refere-

158 2127 307 2167 bantur
320 2159 330 2176 ,
369 2126 441 2167 56(1
471 2141 502 2166 11
534 2126 682 2178 etiam,
716 2127 788 2180 qui
819 2128 1124 2181 rempublicam
1154 2129 1354 2181 prudenti
1384 2127 1576 2169 modera—

269 2239 301 2280 1)
327 2236 478 2271 Proclus
503 2239 541 2270 in
565 2236 740 2271 Politiam
766 2248 802 2281 p.
830 2241 895 2273 350
922 2238 1577 2295 6(1’11;Ρ131;.Β3511.Ιε(δείξαντες

153 2283 239 2326 περὶ
265 2295 334 2326 της
359 2279 591 2338 ἐπιγραφῆς)
619 2278 677 2316 ότι
704 2278 846 2337 ἀρχαία
871 2283 937 2317 καὶ
963 2280 1007 2318 οὐ
1021 2283 1291 2334 νενοθευμένη
1310 2281 1491 2341 καθαπερ
1513 2281 1577 2318 ola-

158 2330 221 2361 λαι
253 2328 327 2361 τῶν
352 2323 574 2371 ἐπιγραφῶν
599 2327 828 2369 προσθέσεις
855 2321 965 2362 οὖσαι
991 2341 1064 2362 των
1089 2330 1281 2371 νεωτέρων
1306 2330 1373 2373 τῆς
1399 2327 1576 2370 ἐξουσίας

152 2369 436 2406 ἀπολαυόντων.
497 2371 545 2404 Et
581 2371 768 2415 Diogenes
808 2372 975 2407 Laertius
1001 2373 1063 2408 ΙΙΙ
1095 2377 1138 2407 57
1175 2373 1410 2417 Thrasyllum
1449 2376 1576 2410 narrat

154 2416 296 2460 duplici
327 2416 562 2472 dialogorum
592 2416 784 2450 notatione
816 2428 924 2451 usum
949 2428 1045 2452 esse:
1080 2419 1236 2458 διπλαῖς
1263 2419 1316 2473 ds,
1333 2419 1488 2463 χρῆται,
1520 2420 1574 2453 in-

155 2462 247 2504 quit,
273 2465 358 2500 ταῖς
384 2458 619 2517 ἐπιγραφαῖς
645 2458 805 2496 ἑκάστου
831 2463 903 2496 τῶν
928 2464 1098 2508 βιβλίων,
1125 2464 1169 2509 τῇ
1196 2476 1266 2507 μεν
1293 2461 1369 2499 ἀπὸ
1396 2477 1464 2499 του
1487 2459 1574 2499 ὀνό-

153 2519 284 2549 ματος,
311 2519 354 2550 τῃ
382 2504 425 2541 δὲ
453 2502 527 2540 ἀπὸ
554 2508 621 2541 τοῦ
648 2504 877 2561 πράγματος

266 2552 300 2593 2)
329 2552 504 2607 Σοφίαν·
524 2552 660 2591 κοινῶς
678 2549 859 2586 αποὶντων
878 2549 1064 2597 μάθησιν,
1081 2553 1148 2587 καὶ
1166 2552 1235 2597 τὴν
1253 2553 1402 2597 τέχνην,
1420 2553 1486 2588 καὶ
1505 2550 1574 2597 τὴν

156 2592 345 2639 φρόνησιν
371 2596 435 2630 καὶ
461 2592 682 2639 ἐπιστήμην.

270 2644 303 2680 3)
330 2640 437 2693 Diog
451 2640 571 2676 Laeit.
590 2641 757 2675 Prooem
777 2639 912 2676 12:015
937 2642 1050 2685 σοφοὶ
1069 2643 1134 2677 καὶ
1154 2643 1333 2695 σοφισταὶ
1353 2639 1573 2686 ἐκαλοῦντο,

155 2685 219 2719 καὶ
246 2681 290 2719 οὐ
317 2683 451 2738 μόνον,
478 2682 576 2720 ἀλλὰ
601 2686 666 2720 καὶ
694 2685 730 2720 οἷ
754 2687 910 2730 ποιηταὶ
935 2689 1133 2741 σοφισταί,
1159 2685 1266 2722 καθὰ
1293 2688 1359 2722 καὶ
1383 2691 1572 2742 Κρατῖνος

155 2727 194 2763 ἒν
217 2725 413 2775 Ἀρχιλόχῳ
446 2727 533 2769 τοὺς
564 2732 649 2774 περι
663 2725 835 2775 Ομηρον
867 2731 932 2765 καὶ
950 2729 1132 2767 Ησιοδον
1164 2729 1332 2768 ἐπαινῶν
1365 2728 1482 2773 οὕτως
1508 2746 1572 2767 κα-

156 2775 225 2809 λεῖ.
274 2767 442 2809 Clemens
472 2775 739 2813 Α1611.81;10111
767 2776 781 2810 Ι
813 2787 847 2819 p.
875 2779 958 2811 28οε
991 2780 1181 2830 Κρατῖνος
1208 2803 1216 2811 .
1236 2808 1243 2815 .
1269 2775 1429 2821 ποιητὰς
1460 2791 1573 2812 κατα-

156 2816 373 2898 ὲέῖξῃαῖἶέφη
386 2818 468 2855 οἷον
487 2819 677 2864 σοφιστῶν
697 2823 837 2866 σμῆνος
856 2817 1131 2866 ανεδιφήσατε.
1167 2822 1261 2860 conf
1279 2822 1427 2858 Pindar.
1444 2822 1571 2860 Isthm.

190 2873 201 2895 (

223 2931 445 2954 PLAT.1‘ROT.
1285 2927 1299 2956 l
