1939 3214
357 142 439 184 130

346 245 537 284 στασθαι
575 242 741 282 διελεῖν
777 256 824 283 τε
863 240 937 281 καὶ
969 239 1261 294 ἐρωτώμενον
1292 239 1428 293 λόγον
1458 240 1630 281 δοῦναι.

910 139 1101 174 PLATON
1106 139 1146 174 IS

1692 240 1767 281 καὶ

344 307 398 362 δὴ
431 309 506 350 καὶ
535 311 623 350 νῦν
653 309 776 349 ἔσται
806 307 856 349 τὸ
889 306 1095 361 ἐρώτημα
1126 308 1220 360 περὶ
1251 309 1332 348 τοῦ
1364 304 1504 347 αὐτοῦ
1535 307 1767 360 μέν,,περὶ

345 369 485 429 οὗπερ
518 375 607 428 ἐγώ
636 389 682 416 τε
713 374 786 415 καὶ
817 373 875 416 σὺ
907 377 993 416 νῦν
1023 372 1077 426 δὴ
1108 374 1425 427 διελεγόμεθα,
1458 373 1559 426 περὶ
1589 371 1764 428 ἀρετῆς,

344 441 725 497 μετενηνεγμένον
755 442 804 482 δὲ
836 442 898 491 εἰς
928 443 1129 495 ποίησιν·
1171 442 1388 482 τοσοῦτον
1418 440 1560 493 μόνον
1591 441 1762 482 διοίσει.

345 510 463 562 λέγει
502 506 587 563 γάρ
627 522 715 550 που
747 509 1003 562 Σιμωνίδης
1039 505 1150 562 πρὸς
1181 506 1384 560 Σκόπαν,
1425 506 1504 548 τὸν
1542 507 1766 561 Κρέοντος
1788 520 1806 546 5

346 574 448 617 υίόν
478 583 562 617 τοῦ
596 576 836 627 Θετταλοῦ,
869 573 937 617 ὅτι

301 653 329 687 Β
390 641 545 696 ’Ἀνδρ’
580 641 754 696 ἀγαθὸν
785 642 867 695 μὲν
898 639 1101 689 ἀλαθέως
1129 641 1341 695 γενέσθαι
1371 641 1581 695 χαλεπόν,

402 712 556 764 χερσίν
594 725 641 751 τε
678 710 752 750 καὶ
790 709 895 751 ποσὶ
926 707 1000 750 καὶ
1029 708 1120 764 νόῳ
1150 708 1446 762 τετράγωνον,
1480 706 1590 750 ἄνευ
1622 707 1767 762 ψόγου

750 776 1034 830 τετυγμένον.

460 916 491 945 3.
517 912 603 946 νῦν
630 909 684 954 δὴ
712 909 1027 954 διελεγόμεθα
1052 909 1280 944 Stallbaum:
1308 911 1380 944 νῦν
1407 906 1669 954 διαλεγόμεθα
1688 909 1769 960 ΒΤ,

347 956 420 990 νῦν
448 953 739 1005 διελεγόμεθα
729 965 858 998 apogr.

901 954 1002 996 Quae
1028 954 1160 988 ultimo
1178 955 1260 989 loco
1279 955 1472 997 disputata
1487 956 1604 996 erant,
1631 955 1678 988 ad
1698 954 1769 987 vir-

350 1000 471 1034 tutem
502 1010 576 1033 non
610 999 850 1049 pertinebant
874 1009 993 1042 neque
1020 1010 1062 1034 ex
1087 999 1148 1037 iis
1185 998 1249 1032 sed
1288 1009 1331 1032 ex
1363 981 1615 1043 superioribus
1640 998 1770 1032 Prota-

348 1055 457 1088 goras
489 1055 622 1078 novam
655 1044 699 1078 de
731 1043 867 1078 virtute
900 1044 1157 1087 quaestionem
1198 1054 1360 1077 nexurus
1401 1044 1497 1084 erat,
1542 1044 1774 1087 quapropter

346 1100 522 1134 praesens
557 1087 821 1139 διαλεγόμεθα
851 1099 924 1122 11011
967 1088 1089 1131 potuit
1126 1099 1315 1132 usurpare.

1411 1092 1442 1122 8.
1480 1090 1658 1132 χερσίν,
1696 1098 1770 1122 non

350 1136 465 1178 χερσί,
507 1134 607 1177 quod
632 1103 761 1167 111γΒΤ
786 1134 957 1175 habetur,
984 1144 1005 1167 a
1029 1133 1185 1167 Platone
1210 1133 1374 1177 positum
1399 1143 1477 1167 esse
1504 1143 1547 1167 ex
1572 1134 1690 1167 metro
1715 1144 1770 1167 re-

347 1179 535 1222 liquarum
562 1179 799 1222 stropharum
826 1178 1072 1222 cognoscitur.

349 1302 516 1336 monides
550 1301 665 1345 magis
697 1312 808 1344 quam
840 1301 902 1335 alii
930 1311 1024 1351 poe-

348 1348 410 1381 tae
437 1346 608 1396 dictionis
627 1346 850 1380 obscuritate
869 1345 1025 1389 insignis

350 1402 429 1425 esse
454 1391 552 1425 visus
577 1392 642 1434 est,
670 1392 713 1425 cf.
740 1391 784 1425 de
810 1401 885 1437 rep.
910 1394 971 1425 331
993 1391 1024 1424 D

350 1437 462 1470 τοῦτο
481 1430 501 1470 6
519 1450 554 1470 τι
573 1449 664 1470 ποτε
685 1435 786 1479 λέγει
805 1432 839 1480 (ὁ
861 1437 1022 1487 Σιμωνί-

352 1483 431 1537 δης)
470 1494 513 1515 συ
550 1479 623 1533 μὲν
661 1482 748 1520 ἱσως
791 1477 1023 1525 γιγνώσκεις,

350 1524 420 1580 ἐγὼ
454 1524 496 1560 δε
534 1524 681 1581 α’γνοω,
719 1525 809 1559 ibid.
821 1536 878 1578 p.
905 1530 969 1560 332
995 1525 1024 1558 B

349 1569 524 1616 ἠνιξατο,
559 1567 607 1610 ὡς
638 1569 779 1612 ἔοικεν,
811 1567 829 1603 ὁ
860 1572 1023 1625 Σιμωνί-

351 1618 420 1661 δης
438 1616 643 1665 ποιητικῶς
661 1613 703 1649 τὸ
725 1613 912 1649 δίκαιον
904 1630 921 1649 ο
952 1616 1024 1658 εἰᾞη

350 1660 422 1695 Sed
439 1659 674 1704 grammatici
699 1659 820 1694 officia
844 1659 916 1693 illis
933 1661 1025 1694 tem-

348 1705 501 1750 poribus
519 1715 593 1738 non
610 1704 729 1738 solum
755 1705 1026 1739 sententiarum

351 1749 598 1795 explicatione
615 1749 887 1791 verborumque
911 1750 1024 1783 inter-

350 1795 563 1839 pretatione
605 1794 847 1837 constabant,
898 1805 1025 1828 verum

352 1840 464 1874 etiam
483 1840 585 1873 recta
609 1839 862 1873 membrorum
889 1839 1024 1873 oratio-

350 1885 406 1919 nis
420 1884 667 1925 distinctione,
682 1884 723 1917 ut
736 1883 898 1925 doceret,
915 1894 1025 1928 quem

351 1930 398 1964 ad
422 1928 573 1962 modum
598 1929 712 1963 verba
739 1928 836 1962 inter
868 1939 906 1963 se
939 1939 1024 1963 con-

350 1973 540 2017 iungenda
556 1975 621 2007 aut
637 1973 868 2015 seiungenda
885 1974 1024 2014 essent·

351 2031 385 2052 v.
414 2019 561 2053 Isociffat
588 2027 639 2051 or
667 2021 802 2058 12,17:
840 2014 929 2056 τοὺς
967 2016 1024 2051 λό-

351 2076 440 2106 γους
477 2075 550 2106 μου
589 2044 838 2113 ἐλυμαίνοντο
875 2060 927 2105 (οἱ
967 2074 1023 2095 σο-

351 2109 513 2159 φισται),
532 2104 961 2161 παραναγιγνώσκοντες
978 2104 1026 2146 ὣς

354 2149 523 2186 δυνατὸν
562 2148 727 2185 κοὶκιστα
744 2155 841 2204 τοξς
878 2148 1023 2208 ἑαυτῶν

350 2210 414 2230 και
441 2197 683 2239 διαιροῦντες
710 2190 778 2230 οὔκ
805 2193 935 2238 ὀρθῶς
959 2196 1024 2230 καὶ

351 2243 643 2283 Ἂίῖἶίῖκνιζθνῖἒς
680 2254 745 2274 ’καί
779 2253 906 2275 παντα
943 2254 1024 2284 τρο·

349 2299 422 2320 πον
470 2286 785 2328 διαφθείροντες.
852 2285 943 2319 Cum
982 2285 1026 2319 iis

351 2341 445 2374 quae
479 2331 554 2363 dixi
578 2329 803 2373 Protagoras
836 2330 1027 2364 coniunxit

351 2374 558 2409 doctrinam
599 2375 644 2408 de
685 2375 788 2408 recta
828 2375 1026 2409 verborum

349 2420 545 2460 locutione,
572 2430 684 2462 quam
702 2416 936 2463 o’Qflos'nsmv
963 2430 1026 2453 vo—

351 2465 428 2500 bat.
468 2465 511 2499 cf.
539 2463 694 2499 Phaedr.
722 2475 756 2507 p.
784 2467 848 2497 267
874 2463 911 2506 C,
940 2464 1025 2498 Cra-

350 2509 416 2553 tyl.
434 2513 497 2544 391
512 2510 555 2549 A,
581 2509 735 2542 Aristot.
762 2508 899 2542 rhetor,
925 2509 1025 2543 1115.

397 2569 429 2599 5.
458 2563 938 2608 λέγει-Σιμωνίδης]
971 2564 1026 2598 Si-

350 2609 516 2643 monides
532 2609 636 2651 Ceus,
650 2609 764 2653 poeta
782 2609 928 2652 lyricus,
947 2609 1024 2643 bel-

351 2654 472 2687 lorum
489 2654 719 2688 Medicorum
745 2655 869 2688 aetate
887 2653 1023 2688 floruit.

352 2698 387 2733 Is
412 2698 661 2742 sophistarum
690 2698 806 2732 instar
831 2697 1025 2732 Graeciam

351 2754 557 2787 peragrans
580 2743 708 2777 laudes
723 2753 850 2777 eorum
865 2743 1024 2787 scripsit,

353 2788 416 2830 qui
447 2788 586 2821 honore
614 2789 651 2821 et
675 2791 833 2830 pecunia
858 2798 942 2821 eum
968 2798 1025 2821 or-

351 2833 503 2866 nabant.
544 2832 585 2865 In
611 2832 743 2874 quibus
770 2832 852 2866 erat
876 2832 1026 2877 Scopas,

1096 1300 1359 1334 Thessalorum
1383 1301 1567 1345 princeps,
1594 1313 1625 1337 v
1655 1301 1770 1338 Cicer

1096 1345 1140 1379 de
1168 1345 1269 1381 Orat
1296 1344 1331 1378 II
1356 1349 1409 1380 86.
1448 1344 1571 1386 Quint.
1598 1347 1684 1380 lust.
1710 1346 1771 1380 Or.

1095 1390 1144 1423 XI
1163 1394 1194 1431 2,
1215 1394 1267 1426 11
1299 1389 1353 1424 De
1380 1389 1632 1434 Scopadarum
1658 1395 1770 1434 gente

1095 1417 1274 1478 explicuit
1304 1434 1468 1469 Ρ611Ζο11.
1496 1436 1543 1469 ad
1569 1435 1711 1470 Aelian.
1738 1435 1770 1469 V

1094 1479 1138 1513 H.
1143 1446 1232 1512 pXII
1261 1484 1288 1513 1.
1315 1480 1359 1512 de
1384 1479 1464 1522 hoc,
1492 1479 1658 1514 Creontis
1682 1480 1770 1520 filio,

1094 1535 1129 1557 V.
1155 1523 1266 1557 schol.
1288 1524 1335 1557 ad
1354 1523 1505 1558 Theocr.
1525 1525 1611 1559 XVI
1635 1527 1694 1559 36:
1722 1524 1774 1560 Οι

1098 1567 1304 1603 Σκοπαδαι
1330 1565 1549 1609 Κρανώνιοι
1576 1569 1617 1604 τὸ
1643 1568 1770 1613 γένος·

1096 1614 1256 1667 Κροίνων
1306 1612 1349 1648 δε
1397 1611 1506 1652 πόλις
1546 1616 1770 1671 Θεσσαλίας,

1094 1656 1194 1692 ὅθεν
1211 1655 1364 1698 Σκόπας
1389 1656 1406 1692 ὃ
1429 1656 1658 1701 Κρανῶνιος,
1664 1657 1771 1711 Κρὲ-

1097 1715 1205 1742 οντος
1230 1703 1296 1737 καὶ
1317 1701 1582 1747 Ἐχεκρατίδος
1608 1701 1703 1744 υἱός.
1729 1724 1772 1728 --

1096 1747 1341 1791 Protagoram
1358 1748 1529 1786 mercede
1548 1750 1704 1793 accepta
1720 1747 1774 1782 Si-

1095 1792 1254 1826 monidis
1285 1793 1450 1826 carmina
1482 1793 1773 1838 interpretatum

1097 1847 1174 1871 esse
1199 1838 1327 1871 narrat
1351 1837 1576 1872 Themistius
1601 1849 1651 1872 01.
1670 1842 1713 1872 23
1736 1849 1771 1881 p.

1095 1881 1214 1916 289D.
1241 1882 1327 1916 Noli
1346 1886 1470 1932 tamen
1489 1883 1640 1917 credere
1658 1883 1772 1917 alium

1097 1926 1174 1960 eius
1222 1926 1422 1960 memoriae
1471 1927 1613 1961 fontem
1660 1927 1771 1961 fuisse

1095 1971 1245 2014 praeter
1270 1971 1432 2005 Platonis
1457 1972 1606 2014 scripta.

1142 2030 1171 2061 7.
1207 2023 1350 2069 ’Ἀνδρ’
1401 2023 1606 2070 ἀγαθόν]
1648 2027 1775 2061 Verba

1096 2070 1310 2105 Simonidea
1333 2071 1379 2106 ab
1398 2071 1610 2106 Hermanno
1636 2072 1684 2106 ad
1708 2084 1775 2105 nu-

1094 2126 1215 2149 meros
1251 2118 1427 2151 revocata
1463 2116 1703 2151 inveniuntur
1733 2117 1773 2150 in

1095 2160 1301 2204 prolegom.
1326 2172 1361 2218 p
1389 2165 1443 2197 33.

1140 2209 1170 2239 8.
1209 2208 1366 2249 χερσίν
1405 2218 1451 2240 τε
1477 2226 1518 2230 -
1544 2203 1773 2250 τετράγω-

1097 2249 1193 2294 νον]
1236 2250 1444 2284 Muretus
1490 2250 1536 2284 ad
1577 2250 1771 2286 Aristotel

1095 2294 1228 2328 Ethica
1252 2295 1268 2328 Ι
1295 2299 1348 2335 10,
1386 2295 1450 2329 11101
1485 2295 1578 2329 haec
1614 2294 1772 2329 laudan-

1096 2341 1168 2380 tur,
1195 2350 1352 2382 eumque
1379 2341 1524 2374 secutus
1543 2338 1773 2374 Gesnerus

1095 2383 1133 2417 in
1159 2384 1350 2419 Thesauro
1382 2396 1409 2418 s.
1434 2396 1467 2421 v.
1494 2383 1770 2427 Quadratus,

1095 2430 1196 2463 recte
1221 2436 1223 2438 '
1249 2429 1460 2463 iudicarunt
1513 2429 1771 2473 metaphoram

1096 2473 1247 2508 ductam
1266 2484 1343 2507 esse
1363 2484 1385 2506 a
1402 2483 1556 2517 corpore
1575 2474 1770 2516 quadrato,

1094 2518 1149 2552 ita
1172 2518 1344 2559 formato,
1370 2518 1411 2551 ut
1435 2519 1771 2560 quomodocunque

1094 2562 1261 2605 iaciatur,
1288 2573 1435 2606 semper
1458 2564 1601 2596 rectum
1624 2573 1770 2606 perma-

1094 2609 1198 2648 neat3
1224 2607 1285 2641 vel
1311 2617 1332 2641 a
1349 2607 1533 2650 quadrata
1549 2607 1680 2651 figura,
1706 2618 1771 2640 un-

1094 2652 1206 2694 dique
1238 2651 1292 2685 sui
1317 2651 1431 2685 simili
1456 2654 1494 2686 et
1518 2651 1676 2695 aequali.
1724 2651 1773 2685 Et

1094 2696 1165 2729 fuit
1196 2696 1418 2739 quadratum
1444 2697 1556 2730 etiam
1580 2696 1770 2740 Pythago-

1095 2741 1166 2775 reis
1191 2742 1337 2784 signum
1364 2740 1602 2783 aequalitatis
1628 2742 1666 2774 et
1690 2751 1772 2784 per-

1094 2785 1274 2822 fectionis,
1315 2785 1551 2819 Aristotel.
1590 2785 1683 2820 rhet.
1718 2785 1771 2818 111

1099 2835 1156 2864 11:
1195 2828 1262 2865 τὸν
1297 2826 1454 2872 α’γαθόν
1487 2826 1612 2873 ἄνδρα
1645 2826 1770 2873 φάναι
