1939 3214
186 530 252 565 318

285 146 341 188 70
840 141 1078 177 PLATONIS

278 242 494 301 ταγόρας,
529 248 633 287 Νῦν
665 242 718 298 δὴ
751 242 822 297 ἄν,
856 244 964 297 ἔφη,
998 241 1163 295 λέγοις,
1198 235 1232 283 ὦ
1267 239 1522 295 Σώκρατες,
1556 240 1708 296 ἐπειδὴ

282 313 357 356 καὶ
378 314 472 355 οἵδε
493 313 687 367 πάρεισι,
719 310 823 365 περὶ
851 303 916 352 οἷν
951 308 1106 363 ὀλίγον
1126 308 1350 364 πρότερον
1371 310 1530 362 μνείαν
1554 307 1712 351 ἐποιοῦ

279 380 389 435 πρὸς
429 381 504 435 ἐμὲ
543 378 656 432 ὑπὲρ
694 381 775 420 τοῦ
813 378 1071 419 νεανίσκου.
1131 377 1220 418 Καὶ
1261 374 1347 429 ἐγώ
1387 370 1515 417 εἷπον
1553 367 1716 417 ὅτι’“Η

278 448 392 503 αὐτή
429 463 505 502 μοι
545 445 659 502 ἀρχή
699 446 844 497 ἐστιν,
886 437 922 486 ὦ
959 443 1263 498 Πρωταγόρα,
1302 440 1415 496 ἥπερ
1452 439 1575 496 ἄρτι,
1607 442 1711 496 περὶ

278 509 344 558 ὧν
365 515 610 570 ἀφικόμην.
653 511 947 566 Ἱπποκράτης
975 510 1062 566 γάρ
1085 509 1163 552 ὅδε
1182 508 1395 564 τυγχάνει
1418 509 1469 551 ἐν
1491 507 1710 565 ἐπιθυμία
1742 523 1758 549 5

278 579 342 625 ὢν
372 586 452 637 τῆς
483 584 563 636 σῆς
594 580 860 628 συνουσίας·
896 577 920 620 ὅ
949 594 991 620 τι
1022 570 1106 620 οὖν
1137 575 1258 633 αὐτῷ
1291 573 1590 632 ἀποβήσεται,
1630 575 1712 618 ε’άν

279 662 350 692 σοι
381 651 515 704 συνῇ,
546 647 689 704 ἡδέως
720 646 778 689 ἄν
810 656 921 701 φησι
951 644 1197 688 πυθέσθαι.
1244 646 1459 693 τοσοῦτος
1483 641 1509 684 ὅ
1529 658 1580 697 γε
1600 641 1713 698 ἡμέ-

278 732 404 772 τερος
441 715 584 770 λόγος.
640 712 904 768 ’Τπολαβών
943 706 1028 755 οὖν
1065 712 1088 754 ὁ
1120 711 1430 767 Πρωταγόρας
1469 707 1617 753 εἶπεν·
1656 705 1712 752 Ὧι

281 786 506 837 νεανίσκε,
541 784 664 825 ἔσται
684 783 845 823 τοίνυν
867 791 953 836 σοι,
987 778 1067 822 ἐὰν
1099 779 1200 834 ἐμοὶ
1232 781 1388 834 συνῇς,
1420 772 1451 834 ᾗ
1481 777 1540 820 ἂν
1569 776 1712 834 ἡμέρα

281 852 379 906 ἐμοὶ
423 851 642 905 συγγένῃ,
688 847 869 891 ἀπιέναι
915 849 1071 890 οἴκαδε
1114 848 1314 901 βελτίονι
1357 846 1586 900 γεγονότι,
1634 845 1710 888 καὶ
1734 860 1765 884 10

281 921 331 963 ἐν
361 922 415 974 τῇ
447 917 662 973 ὑστεραία
692 914 831 958 ταύτὰ
863 918 1019 969 ταῦτα,
1052 916 1127 957 καὶ
1156 913 1343 969 ἑκάστης
1361 910 1528 968 ἡμέρας
1548 910 1618 955 ἀεὶ
1640 912 1712 954 ἐπὶ

281 987 330 1029 τὸ
360 987 539 1041 βέλτιον
572 983 836 1027 ἐπιδιδόναι.
887 984 970 1026 Καὶ
1001 981 1085 1037 ἐγώ
1115 980 1314 1031 ἀκούσας
1336 978 1482 1023 εἶπον·
1507 973 1561 1021 ῗΩ
1583 983 1713 1034 Πρω-

279 1054 464 1108 ταγόρα,
496 1055 630 1094 τοῦτο
661 1052 745 1106 μὲν
775 1048 913 1093 οὐδὲν
941 1047 1211 1105 θαυμαστὸν
1242 1048 1398 1103 λέγεις,
1431 1044 1546 1089 ἀλλὰ
1579 1045 1711 1102 εἰκός,

280 1121 376 1164 ἐπεὶ
407 1120 493 1163 κᾶν
524 1120 596 1174 σύ,
627 1121 788 1174 καίπερ
819 1119 1081 1173 τηλικοῦτος
1112 1113 1177 1158 ὤν
1207 1116 1279 1158 καὶ
1309 1114 1426 1157 οὕτω
1467 1114 1633 1170 σοφός,
1674 1117 1718 1156 εἴ

278 1192 344 1238 τίς
382 1200 433 1231 σε
475 1188 697 1239 διδάξειεν
734 1183 759 1228 ὃ
797 1184 855 1240 μὴ
893 1183 1128 1238 τυγχάνεις
1165 1181 1476 1239 ἐπιστάμενος,
1517 1183 1710 1236 βελτίων
1734 1195 1765 1221 15

279 1254 337 1298 ἄν
372 1256 534 1310 γένοιο.
596 1253 712 1296 ἀλλὰ
748 1253 806 1308 μὴ
849 1250 1008 1305 οὕτως,
1048 1249 1149 1293 ἀλλ’
1191 1249 1343 1306 ὥσπερ
1382 1247 1440 1292 ἂν
1482 1251 1522 1292 εἰ
1550 1247 1713 1292 αὐτίκα

280 1323 399 1378 μάλα
429 1318 695 1378 μεταβαλών
724 1319 807 1376 τὴν
839 1319 1088 1375 ἐπιθυμίαν
1112 1316 1407 1373 Ἱπποκράτης
1438 1315 1516 1359 ὅδε
1548 1316 1713 1359 ἐπιθυ-

280 1391 434 1447 μήσειε
476 1393 554 1446 τῆς
598 1390 845 1437 συνουσίας
881 1386 1046 1429 τούτου
1083 1389 1164 1428 τοῦ
1210 1387 1457 1427 νεανίσκου
1503 1383 1584 1426 τοῦ
1624 1385 1713 1425 νῦν
1768 1405 1771 1409 ·

280 1461 442 1501 νεωστὶ
481 1457 830 1513 ἐπιδημοῦντος,
870 1453 1129 1505 Ζευξίππου
1168 1455 1250 1495 τοῦ
1281 1447 1605 1508 “Ηρακλεω’του,
1638 1450 1712 1492 καὶ

395 1575 448 1607 11.
474 1567 520 1605 ἐν
546 1571 596 1614 τῇ
622 1566 846 1612 ὑστεραία
872 1566 959 1601 BT:
993 1563 1034 1601 ἐν
1064 1575 1132 1610 pro
1163 1564 1324 1599 insiticio
1364 1563 1506 1598 habent
1535 1561 1714 1606 Hirschig

282 1618 320 1652 et
351 1616 511 1658 Schanz,
549 1615 614 1649 sed
647 1613 678 1648 si
716 1614 796 1657 quis
833 1612 894 1646 hic
925 1611 1090 1645 Platonis
1123 1609 1283 1644 orationi
1313 1607 1541 1648 addidisset,
1586 1606 1710 1652 ἡμέρα

282 1671 431 1706 quoque
456 1661 494 1694 in
519 1671 629 1694 versu
652 1659 821 1703 proximo
846 1656 1089 1701 apposuisset.
1138 1655 1185 1689 Et
1208 1654 1434 1698 Prohagoras
1460 1651 1553 1688 alibi
1584 1652 1710 1695 etiam,
1732 1651 1734 1657 '

281 1708 324 1741 ub
352 1717 388 1750 p.
421 1709 486 1740 322²
512 1704 543 1738 D
577 1706 615 1739 et
642 1715 680 1758 p.
712 1707 778 1739 324
803 1706 832 1737 A
858 1712 912 1744 sq.
950 1699 1234 1735 constructionis
1272 1699 1498 1733 variebatem
1548 1696 1716 1732 affectat.

284 1756 335 1786 14.
368 1746 484 1786 οὕτω
516 1750 563 1784 T:
605 1745 726 1789 οὓτως
752 1749 797 1783 Β.
896 1750 947 1780 15.
979 1741 1237 1790 τυγχάνεις
1262 1743 1347 1778 BT:
1385 1742 1532 1778 Bekker
1564 1741 1713 1786 scripsit

281 1794 498 1841 τυγχάνοις.

1031 1890 1191 1926 orationi
1238 1889 1414 1932 obliquae
1468 1887 1712 1931 interposissus

1030 1946 1104 1970 non
1135 1935 1365 1977 infrequens,
1396 1934 1438 1967 ui:
1460 1944 1497 1976 p.
1522 1936 1589 1967 320
1616 1932 1649 1966 D
1675 1934 1713 1967 eb

1031 1980 1144 2024 Gorg.
1162 1991 1198 2024 p.
1212 1983 1279 2013 464
1292 1979 1324 2012 D
1344 1979 1382 2013 et
1405 1977 1614 2012 sententiae
1632 1977 1668 2012 h.
1687 1977 1712 2014 1,

1031 2024 1164 2069 aptior,
1191 2023 1293 2067 quod
1318 2022 1444 2058 omnia
1475 2032 1584 2056 nemo
1618 2021 1712 2056 scire

331 1902 358 1932 1.
396 1898 496 1931 Νῦν
533 1893 588 1941 δὴ
627 1892 699 1937 ἄν,
745 1893 852 1939 ἔφη,
890 1892 959 1927 λε’-

282 1943 401 1987 γοις]
435 1941 559 1976 Nunc
589 1941 752 1985 igissur,
785 1938 960 1981 inquit,

284 1987 439 2022 dicere
464 1986 626 2030 possis.

328 2035 360 2066 6.
390 2029 412 2066 ὅ
442 2044 483 2067 τι
515 2026 597 2065 οὖν
629 2026 751 2075 αὐτῷ
780 2025 961 2070 ἀποβή·

283 2077 437 2119 σεται]
478 2075 590 2118 quid
635 2074 724 2118 ipsi
772 2073 961 2107 eventu·

284 2133 378 2156 rum
403 2122 479 2163 sit,
511 2121 548 2154 si
572 2121 650 2154 tua
673 2119 831 2153 ussatur
856 2127 960 2151 con-

284 2166 527 2201 suetudine
591 2175 641 2199 ac
703 2162 964 2206 disciplina.

285 2211 415 2246 Stazlb.

333 2261 383 2292 11.
410 2254 457 2291 ἐν
483 2256 534 2301 τῇ
560 2252 784 2299 ὑστεραία
815 2248 962 2287 ταύτὰ

285 2297 963 2345 ταῦτα]Η.Θ.Ρ3ιι·“1’ῡθι·,ἰῖ1ᾶθιῃ.

285 2348 331 2391 τῇ
387 2342 570 2388 ὑστεραία
618 2344 726 2379 Plato
780 2353 964 2385 nusquam

285 2390 410 2436 ἡμέρᾳ
450 2382 614 2429 addidit,
664 2387 709 2434 τῇ
751 2388 963 2433 προτεραίᾳ

286 2437 402 2471 semel
431 2434 620 2470 Phaedon.
645 2445 681 2478 p.
707 2437 749 2467 59
774 2432 819 2468 D.
868 2431 962 2465 Sim-

284 2481 375 2525 plici
400 2479 527 2515 dativo
553 2480 590 2514 et
614 2479 741 2513 statim
758 2478 845 2521 post
860 2487 965 2521 prae-

286 2526 472 2570 positione
506 2523 547 2560 ἐν
579 2524 710 2559 eodem
741 2522 853 2556 modo
878 2533 966 2555 usus

287 2573 343 2604 est
373 2570 541 2613 Thucyd.
573 2569 589 2603 Ι
621 2573 680 2603 44:
706 2569 751 2614 τῇ
777 2564 849 2612 μὲν
873 2579 965 2610 προ-

287 2614 378 2659 τέρᾳ
394 2642 401 2649 .
418 2613 481 2650 ,ἐν
506 2613 548 2649 δὲ
575 2615 620 2660 τῇ
645 2610 839 2656 ὑστεραία.

335 2664 387 2694 14.
405 2661 578 2702 καίπερ
597 2658 873 2703 τηλικοῦτος
892 2652 964 2700 ὤν]

287 2706 379 2739 tam
427 2704 621 2748 grandis
662 2702 821 2737 aetate
861 2713 894 2738 v.
929 2712 965 2745 p.

285 2753 353 2784 317
378 2748 415 2784 C.
464 2748 608 2783 Deinde
641 2743 661 2783 ὃ
686 2747 737 2792 μὴ
764 2744 967 2801 τυγχάνοις

287 2805 333 2829 ne
381 2804 465 2828 cum
505 2793 712 2828 Bekkero
760 2792 798 2826 in
846 2788 865 2826 ὁ
913 2790 964 2835 μὴ

287 2837 493 2883 τυγχάνοις
548 2839 688 2878 mutes,
740 2836 966 2871 indicativus

1031 2070 1167 2114 potest.

1079 2119 1131 2149 15.
1182 2115 1382 2158 βελτίων
1432 2108 1486 2147 ἂν
1532 2110 1710 2157 γένοιο]

1034 2159 1195 2203 Euthyd,
1220 2170 1258 2203 p.
1277 2162 1343 2193 292
1361 2158 1409 2192 B:
1436 2154 1592 2201 ἀγαθὸν
1616 2155 1715 2202 ὦμο·

1036 2203 1253 2249 λογήσαμεν
1279 2200 1459 2252 ἀλλήλοις
1485 2200 1558 2248 ἐγώ
1581 2215 1622 2237 τε
1647 2202 1714 2254 noc}

1034 2250 1215 2289 Κλεινίας
1256 2244 1373 2284 οὐδὲν
1415 2253 1517 2283 εἰναι
1557 2245 1652 2282 ἄλλο
1688 2242 1712 2290 ἠ

1034 2291 1249 2338 ἐπιστήμην
1276 2292 1374 2330 τινά.

1080 2342 1132 2373 16.
1180 2336 1297 2373 ἀλλὰ
1338 2338 1395 2383 μὴ
1437 2332 1602 2381 οὕτως]
1645 2336 1713 2371 int.

1033 2380 1258 2427 ἀποκρίνου,
1289 2383 1367 2417 sed
1396 2382 1488 2417 noli
1514 2381 1622 2415 mihi
1647 2382 1713 2417 sic

1032 2440 1050 2462 r
1059 2439 1079 2463 e
1090 2442 1105 2464 s
1115 2441 1139 2473 p
1148 2439 1169 2463 o
1180 2440 1204 2463 n
1213 2429 1236 2462 d
1245 2439 1328 2463 ere.
1354 2427 1476 2461 Dictio
1494 2426 1659 2471 elliptica
1671 2428 1716 2461 ut

1034 2473 1133 2508 infra
1155 2485 1190 2518 p.
1217 2478 1280 2508 331
1308 2472 1352 2507 C:
1390 2469 1442 2516 μή
1474 2485 1554 2515 μοι,
1592 2471 1641 2516 ἠν
1674 2468 1712 2507 δ’

1036 2516 1125 2563 ἐγώ·
1151 2516 1266 2553 οὐδὲν
1284 2515 1355 2562 γάρ
1374 2517 1525 2562 δέομαι,
1544 2517 1609 2552 sed
1622 2516 1734 2552 talia·

1034 2574 1109 2598 non
1152 2564 1255 2597 certa
1293 2563 1379 2606 lege
1425 2562 1712 2598 constituunssur.

1035 2607 1222 2652 Aristoph.
1235 2617 1313 2641 ran.
1324 2610 1364 2641 16
1378 2605 1429 2652 μή
1448 2620 1519 2642 νυν
1535 2607 1711 2651 ποιήσῃς,

1038 2664 1139 2697 vesp,
1158 2656 1244 2687 1418
1270 2650 1333 2696 μὴ,
1360 2651 1411 2696 μὴ
1438 2650 1600 2697 καλέσῃς
1617 2651 1714 2695 πρὸς

1035 2699 1158 2739 θεῶν;
1196 2697 1324 2731 eccles
1354 2701 1439 2732 1064
1475 2696 1712 2741 καταστήσω.

1035 2739 1104 2787 Μή
1130 2754 1193 2786 μοι
1219 2743 1401 2786 καθίστη.

1068 2787 1405 2829 19.Ζευξι’ππου
1423 2782 1709 2830 τοῦξΗρακλ]

1036 2832 1244 2876 Zeuxippus
1259 2831 1481 2867 Heracleota
1499 2830 1624 2874 pictor
1641 2830 1713 2865 hoc
