1939 3214
358 175 437 216 178
946 171 1184 207 PLATONIS

356 273 478 329 αὕτη,
513 275 716 322 εἰσαῦθις
748 272 1028 327 σκεψόμεθα·
1063 272 1129 314 ὅτι
1160 273 1208 315 δὲ
1232 271 1447 326 ἐπιστήμη
1471 270 1579 326 ἐστί,
1610 277 1777 316 τοσοῦ-

357 358 434 384 τον
478 343 657 395 ἐξαρκεῖ
683 339 793 395 πρὸς
823 340 906 395 τὴν
936 339 1180 392 ἀπόδειξιν,
1217 338 1275 394 ἣν
1308 340 1382 392 ἐμὲ
1415 340 1486 381 δεῖ
1512 341 1584 381 καὶ
1614 344 1776 394 Πρωτ-

356 409 528 464 αγόραν
576 408 808 458 ἀποδεῖξαι
854 407 955 460 περὶ
1002 401 1067 449 οἶν
1111 406 1271 461 ἤρεσθ’
1312 404 1440 460 ἡμᾶς.
1499 404 1666 460 ἤρεσθε
1709 407 1774 461 δέ,

310 489 336 525 C
355 479 396 519 εἰ
422 479 665 532 μέμνησθε,
698 474 830 530 ἡνίκα
859 474 984 529 ἡμεῖς
1014 473 1224 527 ἀλλήλοις
1249 470 1563 528 ὡμολογοῦμεν
1595 474 1775 530 ἐπιστή-

355 561 437 599 μης
466 544 608 598 μηδὲν
639 539 754 584 εἶναι
785 550 1002 595 κρεῖττον,
1034 539 1147 582 ἄλλα
1178 545 1310 583 τοῦτο
1340 540 1410 582 άεὶ
1432 548 1627 595 κρατεῖν,
1660 539 1774 584 ὅπου

355 609 412 653 ἄν
445 610 546 666 ἐνῇ,
586 611 660 651 καὶ
698 610 865 664 ἡδονῆς
895 610 968 650 καὶ
998 612 1090 651 τῶν
1121 606 1270 650 ἄλλων
1301 608 1533 650 ἁπάντων·
1571 605 1697 662 ὑμεῖς
1727 609 1776 650 δὲ

356 677 410 733 δὴ
442 679 577 732 ἔφατε
607 676 689 731 τὴν
721 675 893 732 ἡδονὴν
923 677 1141 726 πολλάκις
1179 684 1361 730 κρατεῖν
1392 677 1467 718 καὶ
1497 679 1577 717 τοῦ
1610 675 1778 725 εἰδότος

355 742 619 801 ἀνθρώπου,
652 744 802 799 ἐπειδὴ
837 745 884 786 δὲ
913 742 1023 797 ὑμῖν
1045 742 1127 798 οὐχ
1149 740 1480 798 ὡμολογοῦμεν,
1514 743 1622 798 μετά
1645 746 1777 785 τοῦτο

356 811 523 869 ἤρεσθε
561 811 696 867 ἡμᾶς·
743 807 778 854 ὦ
810 810 1091 865 Πρωταγόρα
1130 827 1177 853 τε
1215 811 1289 852 καὶ
1329 810 1587 864 Σώκρατες,
1635 811 1676 852 εἰ
1718 810 1778 865 μή

358 883 451 924 ἐστι
490 884 621 922 τοῦτο
660 880 709 922 τὸ
748 880 936 934 πάθημα
972 877 1136 934 ἡδονῆς
1171 876 1415 933 ἡττᾶσθαι,
1456 875 1571 919 άλλὰ
1601 882 1645 919 τί
1673 875 1769 920 ποτ’

303 963 334 997 D
362 949 455 990 ε’στί
486 948 561 989 καὶ
591 949 637 989 τί
661 946 786 1003 ὑμεῖς
817 946 927 989 αὐτό
959 962 1071 1001 φατε
1105 943 1238 992 εἶναι;
1273 950 1423 988 εἴπατε
1453 944 1574 1001 ἡμῖν.
1628 947 1669 986 εἰ
1696 946 1778 999 μὲν

356 1010 441 1058 οὖν
479 1016 579 1057 τότε
619 1013 758 1064 εὐθὺς
795 1013 903 1067 ὑμῖν
944 1018 1127 1068 εἴπομεν
1174 1012 1240 1055 ὅτι
1281 1011 1473 1067 ἀμαθία,
1512 1014 1779 1065 κατεγελᾶτε

356 1080 412 1125 ἂν
441 1081 585 1137 ἡμῶν·
622 1085 708 1123 νῦν
740 1082 789 1124 δὲ
820 1078 877 1123 ἄν
906 1079 1034 1136 ἡμῶν
1055 1083 1340 1134 καταγελᾶτε,
1374 1080 1448 1121 καὶ
1478 1079 1606 1133 ὑμῶν
1628 1078 1778 1122 αὐτῶν

356 1149 732 1204 καταγελάσεσθε.
794 1149 868 1192 καὶ
904 1144 988 1203 γὰρ
1028 1147 1152 1202 ὑμεῖς
1191 1147 1508 1203 ὥμολογήκατε
1539 1144 1780 1202 ἐπιστήμης

359 1220 509 1275 ἐνδείᾳ
550 1217 874 1272 ἐξαμαρτάνειν
911 1218 1011 1269 περὶ
1047 1215 1129 1270 τὴν
1166 1219 1257 1258 τῶν
1285 1213 1467 1269 ἡδονῶν
1499 1215 1673 1269 αἵρεσιν
1704 1216 1777 1256 καὶ

358 1289 516 1328 λυπῶν
556 1284 660 1334 τούς
699 1284 1107 1339 ἐξαμαρτάνοντας·
1149 1287 1288 1325 ταῦτα
1321 1283 1373 1324 δέ
1401 1282 1523 1324 ἐστιν
1554 1282 1702 1336 ἀγαθά
1732 1298 1779 1324 τε

357 1355 432 1396 καὶ
470 1353 599 1396 κακά.
662 1351 735 1394 καὶ
774 1351 829 1395 οὐ
866 1352 1009 1407 μόνον
1049 1350 1315 1406 ἐπιστήμης,
1363 1350 1477 1391 ἀλλὰ
1514 1351 1588 1391 καὶ
1628 1351 1689 1400 εἰς
1729 1349 1780 1392 τὸ

356 1424 559 1476 πρόσθεν
599 1422 663 1463 ἔτι
702 1419 1033 1475 ώμολογήκατε,
1083 1418 1148 1460 ὅτι
1186 1421 1463 1473 μετρητικῆς.
1531 1415 1557 1472 ἡ
1602 1417 1659 1458 δὲ
1709 1416 1778 1467 ἐξ-

362 1490 698 1543 αμαρτανομένη
731 1487 889 1541 πρᾶξις
921 1487 1032 1529 ἄνευ
1065 1486 1308 1540 ἐπιστήμης
1330 1490 1422 1527 ι”στε
1444 1500 1533 1526 που
1555 1484 1630 1525 καὶ
1651 1483 1780 1526 αὐτοὶ

1799 897 1830 922 10

1801 1232 1833 1259 15

358 1557 424 1599 ὅτι
455 1555 626 1612 ἀμαθία
656 1554 908 1610 πράττεται.
953 1554 1066 1596 ὥστε
1097 1552 1219 1596 τοῦτ’
1253 1553 1348 1596 ἐστὶ
1379 1553 1427 1594 τὸ
1460 1550 1628 1606 ἡδονῆς
1657 1550 1775 1606 ἥττω
1792 1570 1827 1595 20

449 1707 479 1739 1.
506 1697 621 1746 αὕτη
647 1701 684 1735 in
702 1701 764 1735 BT
791 1703 1004 1744 corruptum
1025 1700 1063 1733 in
1084 1698 1108 1743 ἡ
1138 1696 1248 1742 αὐτὴ,
1274 1708 1399 1732 veram
1417 1697 1615 1731 lectionem
1633 1698 1671 1730 in
1691 1690 1779 1742 apo-

357 1749 501 1794 grapho
520 1747 665 1781 Veneto
691 1750 752 1780 189
778 1756 823 1780 ex
837 1748 990 1780 correct.
1004 1745 1217 1779 restitutam
1244 1743 1386 1787 primus
1401 1742 1570 1777 exhibuit
1582 1742 1777 1777 Heindorf.

357 1795 582 1829 τοσοῦτον
631 1789 826 1834 ἐξαρκεῖ
853 1815 895 1819 —
930 1789 1088 1834 ἀμαθία
1124 1788 1146 1834 ἡ
1186 1791 1344 1834 μεγίστη
1380 1787 1617 1832 paragrapho
1652 1787 1680 1821 E
1718 1798 1780 1821 ex-

359 1839 508 1883 scripsit
533 1837 715 1872 Stobaeus
740 1835 837 1870 Flor.
862 1835 914 1870 VI
940 1840 993 1871 63.
1090 1839 1140 1868 11.
1176 1836 1333 1869 εἴπετε
1358 1832 1440 1873 ΒΤ,
1472 1833 1537 1867 secl
1562 1832 1686 1867 verius
1712 1834 1779 1874 est,

357 1886 400 1918 ut
424 1884 513 1917 olim
537 1883 612 1916 iam
637 1880 776 1922 monui,
805 1883 949 1922 εἴπατε,
975 1880 1074 1924 quod
1099 1879 1263 1914 servavit
1288 1878 1480 1920 Stobaeus,
1507 1877 1582 1911 vid.
1609 1888 1645 1921 p.
1664 1882 1729 1912 353
1746 1878 1779 1911 A

360 1931 396 1964 et
434 1928 584 1962 Lachet.
610 1939 647 1972 p.
677 1930 738 1961 186
765 1926 794 1960 Ε
822 1928 978 1961 εἴπατον
1010 1922 1105 1970 ἡμῖν
1139 1926 1177 1958 et
1199 1936 1235 1968 p.
1264 1927 1326 1958 187
1352 1922 1383 1956 D
1411 1923 1638 1963 εἰ’πατε,καὶ
1669 1923 1779 1968 κοινῇ

358 1973 570 2016 σκέψασθε.
621 1972 744 2014 Atque
763 1973 895 2006 εἴπατε
921 1971 1034 2005 etiam
1062 1969 1200 2004 Sehanz
1225 1967 1401 2013 reposuit.
1460 1972 1512 2002 13.
1538 1968 1623 2001 νῦν
1649 1965 1699 2001 δὲ
1725 1964 1780 2001 ἂν

359 2019 442 2053 BT:
474 2020 545 2052 νῦν
581 2015 618 2051 δ’
654 2015 736 2051 ε’(ὶν
768 2016 924 2050 Bekker.

1020 2019 1075 2049 17.
1103 2014 1167 2054 εἰς
1198 2012 1245 2049 τὸ
1280 2012 1514 2063 apographa:
1548 2005 1592 2055 ἧς
1623 2011 1665 2046 τὸ
1698 2011 1778 2053 BT,

359 2064 459 2107 quod
485 2061 659 2105 Hirsohig
683 2061 820 2105 probat
844 2061 968 2095 deleta
990 2060 1162 2105 proxima
1185 2057 1372 2103 particula
1397 2070 1468 2092 οτι.

403 2203 434 2233 3.
453 2195 626 2243 ἤρεσθε
656 2194 719 2241 δὲ]
740 2196 905 2239 p.353A.
933 2195 1032 2229 Bene

358 2244 451 2277 haec
482 2242 751 2287 interpretatur
781 2240 1032 2275 Heindorfius:

358 2289 617 2333 interrogastis
631 2288 742 2327 enim,
761 2287 789 2320 si
803 2285 1033 2326 meministis,

359 2345 474 2378 quum
508 2334 606 2367 inter
637 2334 836 2374 utrumque
868 2332 1034 2364 nostrum

360 2378 574 2413 conveniret
619 2377 774 2411 scientia
815 2375 907 2409 nihil
954 2386 1033 2409 esse

359 2425 537 2467 superius,
565 2422 631 2457 sed
648 2422 742 2456 hanc
762 2431 909 2464 semper
927 2431 1033 2464 supe-

360 2479 463 2510 rare,
493 2469 532 2502 in
564 2477 784 2511 quocunque
808 2466 963 2507 inesset,
998 2465 1036 2499 et

360 2513 592 2557 voluptatem
632 2514 669 2546 et
708 2511 852 2554 reliqua
899 2510 1034 2553 omnia,

361 2569 427 2593 vos
446 2560 571 2592 autem
596 2557 778 2597 diceretis,
803 2555 1036 2599 voluptatem

362 2614 475 2647 saepe
514 2603 662 2636 vincere
699 2602 811 2636 etiam
849 2599 1036 2634 hominem

362 2648 559 2689 scientem,
591 2647 630 2681 id
654 2647 768 2690 igitur
793 2656 907 2688 quum
933 2644 1036 2678 vobis

362 2705 433 2727 non
459 2693 646 2735 daremus,
674 2690 806 2726 deinde
832 2690 1036 2733 interroga-

363 2738 427 2771 stis
454 2748 519 2771 nos
546 2741 614 2773 ete.

407 2787 438 2818 5.
480 2779 595 2816 ἀλλὰ
639 2783 773 2816 τοῦτο
813 2776 884 2814 ἀεὶ
926 2793 1034 2822 κρα-

362 2828 478 2873 τεῖν]
506 2838 553 2905 SI}
582 2825 651 2871 τὴν
679 2825 898 2870 ἐπιστήμην,
930 2836 963 2859 v.
989 2824 1035 2858 ad

361 2883 400 2916 p.
426 2877 490 2907 352
543 2902 551 2910 .

1151 2198 1203 2227 12.
1238 2194 1527 2237 κατεγελᾶτε
1553 2189 1606 2227 ἂν
1631 2191 1777 2235 ἡμῶν]

1103 2239 1366 2283 Imperfectum
1398 2240 1483 2282 post
1512 2237 1690 2272 aoristum
1715 2235 1779 2281 po-

1103 2284 1215 2318 situm
1251 2284 1321 2317 hac
1366 2284 1565 2318 sententia:
1608 2281 1779 2323 Quodsi

1104 2332 1245 2363 antea
1275 2329 1433 2362 statim
1471 2327 1597 2362 vobis
1634 2327 1778 2360 dixis-

1105 2385 1256 2408 semus
1312 2384 1409 2408 esse
1464 2371 1778 2414 inscientiam,

1103 2430 1183 2453 nos
1200 2418 1425 2453 risissetis
1445 2419 1488 2452 et
1505 2418 1645 2451 etiam
1662 2428 1779 2451 nunc

1105 2464 1351 2504 rideretis,
1384 2463 1522 2507 quippe
1553 2472 1625 2496 non
1655 2461 1780 2496 edocti

1106 2508 1270 2554 meliora:
1297 2507 1454 2551 Apolog.
1471 2508 1609 2541 Socrat.
1627 2519 1662 2551 p.
1679 2506 1778 2540 32E:

1107 2550 1176 2596 ἄρ’
1217 2555 1297 2588 οὐν
1335 2550 1388 2586 ἄν
1425 2565 1477 2596 με
1509 2554 1672 2586 oleove
1704 2564 1778 2585 το-

1107 2598 1217 2633 σάδε
1256 2597 1331 2641 ἔτη
1372 2597 1704 2641 διαγενέσθαι,
1745 2593 1780 2630 εἰ

1107 2643 1291 2685 ἔπραττον
1318 2642 1363 2677 τὰ
1392 2639 1569 2686 δημόσια.
1602 2641 1715 2684 Gorg.
1741 2652 1777 2684 p.

1106 2693 1169 2723 471
1196 2689 1238 2722 A.
1288 2687 1416 2721 Stallb.
1465 2686 1566 2723 Conf.
1599 2697 1710 2730 supra
1741 2697 1778 2729 p.

1154 2782 1204 2812 17.
1236 2777 1315 2811 καὶ
1342 2771 1392 2811 οὗ
1419 2773 1562 2820 μόνον
1589 2772 1778 2819 ἐπιστή·

1106 2823 1202 2868 μης]
1230 2821 1349 2871 Intell.
1376 2819 1517 2869 ἐνδείᾳ.

1151 2872 1203 2904 20,
1241 2864 1353 2901 ω’στε
1390 2863 1509 2901 τοῦτ’
1542 2863 1654 2910 ἐστί]
1690 2865 1777 2899 Pro-
