1907 3230
96 1244 127 1269 15

565 165 901 201 PROTAGORAS.
924 164 965 199 P.
993 168 1059 200 344
1085 164 1153 199 ST.

1495 166 1572 207 147

153 266 304 321 ὀρθῶς
325 265 394 308 ἐπ’
429 266 598 322 ἐσχάτῳ
621 269 839 320 κείμενον.
886 264 962 307 καὶ
984 263 1037 306 τὰ
1060 265 1244 306 ἐπιόντα
1266 263 1410 306 πάντα
1431 265 1574 321 τούτῳ

151 341 390 388 μαρτυρεῖ,
431 333 496 374 ὅτι
534 331 674 382 οὕτως
712 336 893 386 εἴρηται.

955 330 1097 373 πολλοὶ
1137 331 1220 386 μὲν
1250 330 1338 386 γὰρ
1370 333 1463 373 ἔστι
1495 333 1568 373 καὶ

151 399 252 455 περὶ
292 401 482 443 ἑκάστου
520 402 610 442 τῶν
650 398 700 441 ἐν
736 400 798 453 τῷ
837 398 1001 454 ᾄσματι
1039 398 1287 452 εἰρημένων
1325 396 1571 452 ἀποδεῖξαι,

150 465 209 517 (ὃς
239 460 290 509 εὖ
321 470 573 521 πεποίηται·
611 464 731 507 πάνυ
768 464 854 519 γὰρ
886 466 1125 520 χαριέντως
1155 467 1230 507 καὶ
1260 466 1571 520 μεμελημένως
1598 470 1626 504 Β

109 551 125 577 5
151 536 257 588 ἔχει·
291 533 404 576 ἀλλά
434 532 607 588 μακρὸν
638 528 694 574 ἂν
725 536 792 587 εἴη
823 531 932 575 αὐτὸ
963 532 1081 575 οὕτω
1104 533 1314 574 διελθεῖν.
1363 530 1476 574 ἀλλὰ
1496 531 1574 574 τὸν

150 604 297 644 τύπον
335 600 476 643 αὐτοῦ
514 598 592 642 τὸν
631 599 739 642 ὅλον
779 600 1078 655 διεξέλθωμεν
1115 599 1190 640 καὶ
1226 598 1308 653 τὴν
1338 600 1572 653 βούλησιν,

151 667 218 711 ὅτι
248 668 414 717 παντὸς
442 669 615 723 μᾶλλον
645 667 823 720 ἔλεγχός
855 668 949 709 ἐστι
980 669 1061 709 τοῦ
1087 668 1357 708 Πιττακείου
1380 666 1573 721 ῥήματος

150 734 223 777 διὰ
254 734 420 784 παντὸς
449 737 531 776 τοῦ
562 732 769 790 ᾅσματος.

263 803 364 857 Cap.
397 801 533 846 XXX.
587 802 719 855 Λέγει
757 802 845 855 γὰρ
884 799 992 855 μετὰ
1030 802 1161 842 τοῦτο
1201 799 1328 853 ὀλίγα
1360 800 1571 853 διελθών,

103 886 134 911 ιο
152 868 211 919 ὠς
248 865 303 910 ἂν
343 870 382 910 εἰ
416 869 538 922 λέγοι
576 867 727 922 λόγον,
767 867 832 909 ὅτι
861 869 1076 921 γενέσθαι
1105 869 1188 921 μὲν
1219 866 1365 921 ἄνδρα
1396 864 1574 920 ἀγαθὸν

148 934 343 990 χαλεπὸν
383 933 605 989 ἀλαθέως,
645 929 743 977 οἷόν
780 951 827 977 τε
865 935 1013 988 μέντοι
1058 935 1136 977 έπί
1170 949 1221 988 γε
1251 932 1418 988 χρόνον
1450 934 1572 975 τινά·

148 1005 394 1057 γενόμενον
416 1003 464 1045 δὲ
486 1003 714 1056 διαμένειν
737 1001 787 1044 ἐν
808 1002 945 1057 ταύτῃ
968 1004 1021 1056 τῇ
1051 1001 1138 1052 ἕξει
1169 1002 1242 1043 καὶ
1275 998 1396 1042 εἶναι
1426 1000 1573 1053 ἄνδρα
1592 1004 1618 1040 C

149 1069 347 1124 ἀγαθόν,
390 1067 447 1120 ὠς
484 1068 541 1111 σὺ
581 1070 742 1124 λέγεις,
782 1062 816 1111 ὦ
855 1072 1070 1122 Πιττακέ,
1111 1068 1341 1111 ἀδύνατον
1383 1069 1457 1109 καὶ
1488 1068 1572 1110 οὐκ

149 1138 451 1190 ἀνθρώπειον,
484 1135 597 1178 ἀλλὰ
626 1136 733 1186 θεὸς
763 1133 819 1178 ἂν
850 1136 985 1190 μόνος
1016 1138 1147 1177 τοῦτο
1180 1138 1272 1190 ἔχοι
1301 1134 1350 1177 τὸ
1380 1136 1529 1190 γέρας,

317 1225 464 1280 ἄνδρα
495 1225 534 1268 δ’
571 1225 654 1268 οὐκ
686 1229 778 1269 ἔστι
807 1225 866 1282 μὴ
898 1225 952 1267 οὐ
984 1225 1124 1267 κακὸν
1155 1228 1353 1280 ἔμμεναι,

317 1291 370 1336 ὃν
401 1293 458 1336 ἂν
489 1291 713 1348 ἀμήχανος
743 1293 956 1348 συμφορὰ
990 1294 1175 1347 καθέλῃ.

148 1385 246 1425 τίνα
285 1377 369 1425 οὖν
409 1381 634 1437 ἀμήχανος
670 1381 883 1437 συμφορά
917 1386 1132 1436 καθαιρεῖ
1160 1383 1211 1424 ἐν
1241 1383 1403 1423 πλοίου
1434 1381 1572 1437 ἀρχῇ·

262 1522 313 1554 14.
339 1513 463 1561 ανθρ
474 1515 644 1568 (όπειρν
671 1517 719 1552 T:
744 1512 970 1561 ἀνθρώπιον
998 1517 1037 1553 Β.

1121 1520 1173 1551 15.
1201 1515 1299 1551 ἔστι
1325 1515 1373 1550 T:
1401 1515 1502 1551 ἔστιν
1531 1516 1570 1558 Β,

148 1563 246 1606 quod
278 1562 491 1606 exemplum
523 1564 560 1596 in
591 1562 636 1596 iis
667 1563 740 1604 est,
773 1572 870 1605 quae
897 1562 1090 1597 declarant
1113 1562 1201 1596 huic
1227 1560 1323 1595 libro
1350 1560 1395 1595 de
1421 1575 1442 1595 v
1467 1543 1572 1595 finali

146 1608 256 1642 fidem
280 1617 355 1641 non
387 1607 626 1641 tribuendam
650 1618 739 1644 esse.
763 1618 796 1641 v
826 1607 872 1641 ad
897 1619 933 1652 p.
960 1611 1025 1642 333
1043 1606 1071 1639 B
1099 1608 1192 1650 (113,
1218 1608 1265 1648 8).

194 1734 225 1766 1.
249 1731 327 1764 καὶ
352 1742 405 1764 τα
431 1726 628 1764 ἐπιόντα
653 1726 822 1774 πάντα]

146 1787 182 1819 p.
204 1775 328 1810 345C:
354 1775 420 1809 καὶ
438 1772 484 1809 τὰ
509 1772 666 1809 ε’πιόντα
691 1787 732 1818 γε
758 1776 825 1809 τοῦ

148 1818 318 1868 ἅσματος
346 1818 402 1854 ἔτι
427 1820 571 1863 μᾶλλον
598 1820 723 1863 δηλοῖ.

192 1890 223 1924 5
257 1883 373 1921 ἀλλὰ
404 1887 482 1920 τὸν
507 1885 651 1920 τύπον
678 1882 822 1921 αὑτοῦ

147 1930 224 1965 τὸν
255 1928 365 1966 ὅλον
396 1928 821 1980 6.n.·t.ss02327761,v]

152 1972 280 2016 Τόπος
305 1985 418 2018 quum
444 1975 594 2025 proprie
612 1975 757 2010 dicatur
775 1976 821 2010 de

146 2021 430 2055 adumbratione
456 2020 673 2064 imaginum,
700 2031 722 2054 a
738 2020 820 2065 phi-

146 2065 311 2115 Iosophis
336 2077 423 2100 usur
453 2067 536 2099 atur
554 2075 820 2115 saepenumero

147 2111 192 2145 de
218 2121 390 2145 universa
441 2110 662 2155 escriptione
689 2121 731 2144 ac
757 2110 821 2145 de-

145 2155 312 2205 finitione
331 2154 520 2195 orationis
547 2155 820 2199 disputationis,

147 2199 315 2235 carminis
340 2198 511 2241 alicuius,
538 2210 633 2242 quae
658 2199 821 2244 singulo

146 2256 227 2278 rum
246 2245 446 2279 verborum
465 2245 503 2279 et
517 2246 821 2289 argumentorum

146 2289 317 2324 subtilius
343 2299 499 2323 examen
524 2290 762 2332 aspernatur,
787 2291 825 2324 et

146 2345 274 2369 eorum
305 2345 491 2368 summam
511 2334 638 2378 paucis
663 2344 769 2378 comp
773 2334 823 2368 le-

148 2380 271 2414 ctitur
318 2378 374 2414 De
400 2389 465 2423 rep
471 2378 596 2422 .le
618 2377 735 2421 4910,
746 2346 824 2413 pubi

147 2435 180 2457 v.
214 2435 297 2459 ann.
329 2391 572 2460 Aristotel.
605 2423 724 2460 Ethic
757 2423 821 2457 Ni-

147 2470 281 2503 com.1
317 2473 374 2503 11:
413 2466 512 2503 καθ’
548 2462 639 2503 όλου
678 2467 719 2503 δε
757 2468 822 2503 καὶ

148 2511 252 2559 τύπῳ
280 2512 419 2558 λεχθὲν
444 2511 532 2558 τάχ’
557 2509 605 2547 ἂν
626 2514 711 2553 ἰσως
731 2512 821 2558 ἔχοι.

147 2550 343 2593 Platonica
359 2558 444 2592 dedi
463 2561 509 2592 ad
527 2557 667 2594 Phileb.
687 2570 722 2603 p
742 2562 818 2592 202

149 2603 279 2647 Itaque
312 2603 392 2637 vult
428 2614 609 2653 summam
643 2603 820 2637 61001151-

147 2647 238 2682 lium
270 2647 383 2682 totius
421 2648 594 2699 carminis
620 2647 822 2682 Simonidei

147 2692 312 2727 breviter
336 2693 512 2734 indicare,
537 2693 574 2727 in
593 2692 821 2737 singulorum

149 2738 345 2772 verborum
393 2738 700 2789 interpretatione
748 2748 820 2771 non

149 2781 287 2816 diutius
311 2793 459 2819 moran
491 2783 618 2818 Stalzb.

197 2853 247 2884 13.
281 2851 357 2884 καὶ
390 2848 470 2885 οὐκ
503 2848 819 2894 ἀνθρώπειον]

895 1728 1065 1764 Socrates
1095 1740 1210 1770 nunc,
1249 1738 1345 1772 quae
1382 1728 1430 1763 ad
1465 1728 1571 1763 Prot-

895 1784 1031 1818 agorae
1056 1774 1384 1818 reprehensionem
1401 1773 1571 1808 161101611-

895 1819 982 1853 dam
1013 1830 1126 1863 supra
1156 1831 1192 1863 p.
1220 1823 1286 1854 340
1310 1818 1339 1852 Β
1370 1818 1571 1852 inchoave-

894 1865 969 1907 rat,
1003 1865 1240 1914 persequitur
1274 1865 1312 1898 et
1343 1863 1479 1898 Pittaci
1510 1874 1572 1897 vo-

894 1919 974 1943 cem
992 1919 1014 1942 a
1031 1908 1231 1943 Simonidis
1248 1909 1357 1953 longe
1384 1908 1572 1942 diversam

894 1964 972 1988 esse
1013 1953 1188 1988 ostendit.
1250 1953 1571 1994 Quemadmodum

893 1999 1017 2032 autem
1056 1998 1117 2032 hic
1155 2000 1269 2049 poeta
1308 1999 1448 2032 bonum
1489 2007 1569 2032 esse

890 2043 1077 2078 neminem
1102 2043 1174 2077 nisi
1199 2043 1309 2077 deum
1335 2042 1503 2077 defendit
1526 2053 1570 2076 ex

894 2098 1012 2137 eaque
1036 2099 1077 2122 re
1101 2087 1337 2138 potissimum
1355 2097 1480 2129 causa,
1506 2097 1571 2121 cur

891 2132 1000 2167 huius
1018 2143 1193 2167 carminis
1209 2132 1471 2177 interpretatio
1490 2131 1570 2165 dia-

891 2177 977 2226 logo
1001 2178 1140 2212 inserta
1175 2177 1240 2219 sit,
1271 2177 1478 2222 repetenda
1503 2178 1570 2219 est,

892 2232 943 2255 sm
947 2223 1183 2273 sapientiam
1207 2222 1246 2256 in
1270 2232 1343 2256 uno
1370 2222 1439 2256 deo
1464 2231 1570 2265 repe-

893 2266 956 2300 riri
989 2277 1112 2311 priore
1136 2267 1211 2301 iam
1235 2268 1403 2310 tempore
1429 2266 1570 2309 Pytha-

892 2322 1003 2355 goras
1056 2314 1322 2357 perspexerat,
1378 2323 1411 2345 v.
1461 2311 1570 2355 Diog.

892 2357 1013 2391 Laert.
1031 2357 1046 2391 I
1076 2362 1136 2391 12·
1164 2357 1402 2400 φιλοσοφίαν
1424 2369 1571 2411 πρωτος

892 2399 1063 2453 ὠνόμασε
1102 2401 1339 2445 Πυθαγόρας
1377 2401 1442 2435 καὶ
1483 2397 1570 2436 ἔαυ-

891 2444 958 2480 τὸν
999 2444 1214 2502 φιλόσοφον
1241 2444 1459 2498 ..μηδένα
1495 2444 1567 2501 γὰρ

893 2488 993 2525 εἶναι
1028 2490 1149 2535 σοφὸν
1189 2489 1291 2534 ανθρ
1295 2503 1398 2525 ωπον
1428 2487 1514 2524 ἀλλ’
1546 2488 1569 2534 ἢ

891 2533 998 2570 θεόν.
1039 2537 1206 2571 Pertinet
1229 2536 1300 2570 huc
1327 2535 1440 2570 etiam
1465 2535 1567 2569 locus

891 2581 1079 2618 Aristotel.
1104 2581 1268 2631 metaph.
1294 2581 1310 2614 I
1336 2584 1368 2623 2,
1392 2579 1456 2614 ubi
1482 2590 1570 2615 vera

892 2636 934 2659 ac
965 2627 1134 2670 perfecta
1165 2625 1320 2660 scientia
1345 2625 1392 2660 ab
1418 2625 1568 2660 homine

892 2669 1013 2705 aliena
1048 2671 1201 2712 dicitur,
1223 2664 1349 2723 qdiens
1368 2668 1466 2705 κατὰ
1499 2672 1568 2704 Σι-

892 2716 1064 2770 μωνίὸην
1096 2713 1190 2756 θεὸς
1221 2729 1269 2750 αν
1301 2728 1417 2758 μονος
1454 2714 1568 2750 τοῦτο

893 2759 972 2815 ε”χοι
1008 2759 1049 2796 τὸ
1086 2761 1216 2817 γέρας,
1253 2755 1378 2804 ἄνδρα
1417 2759 1457 2794 δ’
1499 2758 1569 2794 οὐκ

893 2802 1030 2858 αξιον
1043 2804 1115 2864 μὴ
1151 2804 1195 2860 οὐ
1222 2808 1348 2850 ζητεῖν
1374 2804 1445 2850 τὴν
1470 2801 1564 2839 καθ’

893 2847 1010 2884 αὐτὸν
1037 2848 1260 2895 ἕπιστημην

1225 2907 1294 2941 10²⁹·
