1907 3230
563 172 899 209 PROTAGORAS.
936 173 977 210 P.
1002 177 1065 209 321
1092 173 1159 209 ST.
1516 175 1569 216 79

151 277 303 332 ἔσῳζε·
336 275 410 316 καὶ
440 267 580 316 τᾶλλα
610 272 751 323 οὕτως
782 272 1013 315 ἐπανισῶν
1043 274 1183 327 ἔνεμε.
1229 275 1368 314 ταῦτα
1389 273 1439 315 δὲ
1462 274 1569 329 ἐμη-
1593 283 1657 315 321
1774 299 1791 307 ,-
1817 299 1820 305 .·

149 345 314 397 χανᾶτο
346 340 587 395 εὐλάβειαν
617 341 745 394 ἔχων,
784 338 844 394 μή
874 355 916 381 τι
946 340 1076 393 γένος
1108 338 1361 394 ἄιστωθείη.
1414 339 1568 395 ἐπειδὴ

152 408 201 450 δὲ
232 406 387 458 αὐτοῖς
417 406 796 462 αλληλοφθοριῶν
826 405 1051 460 διαφυγας
1082 406 1318 461 ἐπήρκεσε,
1351 405 1462 461 πρὸς
1492 405 1570 456 τοὶς

151 475 202 518 ἐκ
247 473 356 524 Λιὸς
406 473 524 529 ὥρας
576 471 814 528 ευμάρειαν
865 473 1113 528 ἐμηχανᾶτο
1163 468 1410 527 ἄμφιεννύς
1460 472 1571 515 αὐτὰ

103 553 119 579 5
149 549 342 591 πυκναῖς
381 557 429 583 τε
472 540 595 595 θριξὶ
633 540 707 581 καὶ
747 547 943 594 στερεοῖς
980 540 1222 594 δέρμασιν,
1274 541 1443 590 ἱκανοῖς
1480 543 1563 595 μὲν

147 608 316 664 α’μῦναι
347 610 557 663 χειμῶνα,
589 608 802 656 δυνατοῖς
832 607 881 649 δὲ
903 607 978 648 καὶ
999 609 1220 661 καύματα,
1254 607 1327 649 καὶ
1350 609 1412 657 εἰς
1435 605 1569 658 εὐνὰς

150 677 299 718 ἰοῦσιν
338 674 457 724 ὅπως
485 672 679 728 ὑπάρχοι
708 671 762 714 τα
793 671 907 716 αὐτὰ
936 677 1076 716 ταῦτα
1107 673 1316 729 στρωμνὴ
1350 675 1492 717 οἰκεία
1523 690 1570 717 τε

149 743 224 784 καὶ
263 740 494 796 αὐτοφυὴς
533 740 725 796 ἑκάστῳ,
765 741 840 782 καὶ
876 738 1062 782 ὐποὸὠν
1098 739 1153 782 τὰ
1183 742 1265 794 μὲν
1297 740 1476 795 ὁπλαῖς,
1516 740 1569 784 τὰ
1593 747 1623 780 Β

150 809 199 850 δὲ
247 809 435 864 δέρμασι
477 815 673 862 στερεοῖς
708 808 783 849 καὶ
820 807 1037 861 ἀναίμοις.
1084 805 1364 850 τούντεῦθεν
1401 807 1572 862 τροφὰς

103 887 135 913 10
152 875 306 924 ἄλλοις
327 875 466 924 ἄλλας
489 875 725 931 ἐξεπόριζε,
756 881 848 923 τοῖς
877 874 960 930 μὲν
990 876 1040 917 ἐκ
1061 878 1144 929 γῆς
1170 875 1385 930 βοτάνην,
1418 874 1568 926 ἄλλοις

240 1013 272 1044 4.
294 1007 527 1059 εὐμοιρίαν
554 1019 638 1043 611111
651 1009 715 1044 ΒΤ
731 1008 886 1051 SchanZ,
908 1010 947 1044 at
960 1008 1045 1044 huic
1065 1010 1209 1045 formae
1222 1011 1436 1060 repugnant
1448 1021 1570 1045 exem-

149 1055 224 1099 pla,
242 1064 337 1098 quae
355 1065 433 1098 ipse
451 1054 568 1098 praef,
580 1054 651 1088 vol.
667 1054 762 1096 11§3
779 1054 1120 1099 31111111.6.χειμ
1132 1056 1221 1090 ῶνα
1240 1066 1270 1089 81
1287 1055 1393 1090 Plato
1412 1055 1571 1099 scripsit,

150 1109 224 1133 non
249 1109 335 1133 vero
361 1109 427 1132 suo
452 1109 554 1133 more
581 1100 789 1143 χειμῶνας,
821 1098 1051 1144 Protagorae
1076 1099 1231 1134 dictioni
1255 1099 1325 1134 hoc
1349 1100 1500 1141 tribuit,
1530 1101 1574 1134 ut

150 1143 404 1179 terminationi
440 1143 603 1187 oppositi
632 1126 806 1178 vocabuli
831 1145 1065 1188 congrueret
1147 1149 1178 1182 8,
1217 1143 1411 1179 ὑποδῶν
1437 1145 1571 1180 Cobet:

149 1186 224 1224 ὑπὸ
259 1187 388 1223 ποδῶν
413 1187 495 1222 ΒΤ.
566 1192 598 1224 9.
629 1188 765 1230 θριξὶ
796 1189 892 1230 καὶ,
927 1199 1022 1231 quae
1052 1189 1166 1223 verba
1190 1190 1275 1224 libri
1300 1190 1386 1224 ante
1413 1188 1574 1234 δέρμασι

150 1233 339 1272 exhibent,
366 1232 524 1267 delenda
549 1243 628 1267 esse
654 1233 747 1267 vidit
771 1234 851 1275 Ast,
876 1233 915 1267 in
933 1233 1042 1289 ὄνυξι
1061 1234 1126 1268 καὶ
1144 1234 1306 1269 mutavit
1323 1234 1449 1268 Baiter
1460 1203 1571 1278 prob.

151 1278 259 1319 Cron‚
285 1279 323 1312 et
346 1277 495 1311 videtur
519 1277 628 1319 θριξὶ
655 1280 777 1311 ortum
803 1287 881 1312 esse
909 1288 952 1312 ex
977 1276 1098 1320 ὄνυξι,
1125 1279 1189 1313 sed
1214 1279 1284 1312 hoc
1308 1277 1456 1312 nomine
1482 1280 1573 1322 puto

150 1323 315 1380 aliquem
339 1321 626 1372 interpretatum
653 1332 732 1356 esse
752 1332 829 1356 voc.
850 1320 1000 1364 ὁπλαῖς,
1028 1324 1073 1357 cf.
1094 1323 1206 1359 schol
1228 1323 1275 1357 ad
1282 1323 1416 1377 Eurip,
1435 1322 1574 1360 Phoen

149 1371 191 1402 41
219 1365 258 1401 οἷ
282 1367 392 1401 ἵπποι
417 1379 484 1420 του
500 1367 625 1401 Aur-02
643 1363 857 1417 ἐξῄμασσον
874 1365 941 1401 τὸν
963 1368 1158 1402 Οἰδίποδα
1177 1373 1256 1408 τοῖς
1276 1364 1421 1402 εαυτῶν
1439 1365 1574 1410 ὄνυξι

150 1425 250 1447 κατα
285 1411 375 1451 τοὺς
405 1411 585 1450 τένοντας
615 1424 689 1445 των
723 1412 868 1454 ποδῶν,
900 1411 1066 1456 itemque
1093 1413 1275 1457 proxima,
1302 1412 1463 1456 δέρμασι
1490 1424 1572 1447 στε-

151 1461 326 1536 ἓῖἒῖἱωξ
330 1455 659 1544 rssefflmfffrffle
666 1455 1359 1547 ¹22510132e23¹1¹33302hffffiss‘ssssffllea
1362 1467 1435 1502 ‘³¹²⁰
1459 1457 1576 1501 11111111

980 1517 992 1537 1.

196 1617 228 1655 3,
253 1610 365 1665 πρὸς
391 1609 472 1652 τὰς
498 1609 545 1646 ἐκ
573 1610 684 1653 Διὸς
709 1607 827 1657 ὧρας

153 1640 336 1708 εὐμάρ.]
416 1657 638 1691 adversus
709 1657 828 1692 coeli

152 1702 366 1745 aerisque
420 1702 725 1751 tempestates
772 1701 828 1736 iis

151 1747 346 1791 paravit
392 1745 604 1780 subsidia
648 1745 732 1789 ita,
781 1747 829 1780 ut

152 1791 356 1825 muniret
381 1801 431 1825 ea
452 1793 593 1840 atque
610 1790 830 1825 indueret

152 1838 195 1871 et
226 1835 379 1870 densis
418 1835 548 1869 villis
585 1837 630 1870 et
665 1835 828 1870 solidis

151 1880 376 1925 pellibus,
423 1891 536 1924 quae
585 1881 722 1924 aptae
764 1891 828 1914 cs-

152 1930 256 1959 sent
286 1927 378 1958 tam
410 1925 464 1958 ad
495 1925 643 1969 frigus
676 1935 831 1959 arcen-

153 1969 274 2012 dum,
299 1980 429 2013 quam
456 1970 508 2003 ad
535 1971 708 2004 aestum
734 1969 830 2013 pel-

150 2014 356 2057 lendum,
404 2014 626 2057 simulque
672 2016 720 2048 ut
759 2024 831 2047 cu-

150 2059 268 2094 bilia
291 2059 559 2094 ineuntibus
584 2059 714 2102 ipsae
747 2059 830 2093 hae

151 2104 301 2153 pelles
370 2104 658 2147 singulorum
728 2115 830 2147 pro-

152 2160 301 2192 prium
342 2150 498 2182 essent
537 2150 580 2182 et
618 2149 830 2182 nativum

153 2192 424 2237 stragulum.
462 2192 585 2227 Etiam
601 2193 692 2227 haec
708 2194 830 2247 poeti-

154 2249 237 2272 cum
254 2238 397 2272 habent
409 2238 583 2272 coloiem.
603 2238 692 2275 Voc
712 2235 830 2281 εὐμά-

153 2295 245 2337 ρεια
273 2282 526 2337 Hesychius
562 2282 831 2336 interpretatur

155 2323 350 2381 ευχέρεια,
390 2325 551 2371 ἡσυχια;
600 2326 764 2361 Suidas
804 2323 827 2370 ἡ

156 2370 322 2407 εὐκολία.
349 2372 477 2407 Stallb.

200 2420 232 2451 6.
260 2418 462 2461 χειμῶνα
487 2416 627 2451 -καὶ
652 2415 830 2460 καύμα-

156 2462 224 2505 τα]
251 2461 359 2496 Plato
390 2462 601 2505 ubicunque
626 2461 682 2495 his
708 2461 832 2496 verbis

153 2507 420 2550 tempestatem
453 2517 666 2541 universam
691 2506 831 2550 signifi-

155 2551 264 2593 cavit,
290 2552 353 2585 aut
368 2551 507 2596 plurali
522 2561 676 2585 nurnero
694 2554 833 2585 utrum-

156 2606 227 2639 que
258 2596 402 2640 posuit,
436 2598 502 2630 aut
530 2598 756 2650 utrumque
762 2596 832 2630 sin-

155 2641 295 2693 gulari,
336 2652 371 2677 v.
394 2623 491 2675 Tim.
519 2652 554 2685 p.
578 2645 620 2675 22
645 2641 692 2675 Ε·
734 2638 833 2692 ὅπου

156 2683 206 2737 μὴ
249 2684 388 2730 χειμὼν
429 2684 594 2728 ἐξαίσιος
633 2680 656 2730 ἦ
697 2685 830 2742 καῦμα

157 2726 341 2781 ἀπείργει,
377 2731 470 2765 Ibid.
495 2742 530 2775 p.
557 2730 663 2765 74:B
690 2728 830 2776 ἐμηχα-

159 2775 251 2808 νᾶτο
282 2773 476 2831 προβολὴν
511 2789 583 2828 μεν
613 2777 832 2817 καυμάτων,

157 2816 276 2863 πρόβλ
305 2833 357 2863 μα
382 2819 425 2855 δὲ
452 2818 666 2872 χειμώνων.
687 2820 832 2855 Politic.

156 2875 193 2908 p.
208 2833 336 2899 279⁷st
362 2862 408 2899 τοὶ
433 2863 526 2910 πρὸς
552 2864 742 2910 χειμῶνας
766 2866 832 2900 καὶ

898 1626 973 1693 1ῗέ
975 1627 1000 1658 11
997 1626 1049 1692 ἕξ
1053 1611 1150 1695 1111331
1154 1613 1344 1694 {tumst
1361 1613 1577 1700 311Τέ111111

897 1702 1099 1756 frigoribus
1123 1705 1162 1737 ct
1187 1703 1370 1738 caloribus
1395 1703 1478 1739 tuti

943 1751 974 1782 8.
1000 1744 1208 1801 ὐποδων]
1226 1748 1326 1791 Vulg
1329 1751 1430 1781 atam
1448 1747 1575 1782 lectio-

898 1803 981 1826 nem
1015 1789 1090 1826 ὑπό
1117 1792 1248 1827 ποδῶν
1273 1793 1327 1826 ita
1351 1793 1576 1842 interpretes

898 1837 1192 1891 explicaverunt,
1219 1839 1261 1871 ut
1278 1849 1297 1872 e
1322 1836 1576 1880 superioribus

902 1894 1120 1925 αμφιεννυς
1166 1882 1453 1927 intelligendum
1495 1892 1575 1916 6886

902 1926 1167 1961 existimarent.
1218 1927 1290 1961 Sed
1321 1927 1391 1960 hoo
1421 1926 1577 1961 verbum

902 1970 947 2004 de
966 1972 1068 2006 veste
1086 1971 1288 2015 induenda,
1313 1982 1504 2014 nunquam
1530 1971 1577 2005 de

901 2015 1011 2050 soleis
1034 2015 1253 2050 inducendis
1276 2018 1493 2066 usurpatum
1512 2022 1577 2059 est,

901 2062 939 2094 et
975 2056 1238 2105 ἠμφιεσμένος
1275 2071 1344 2105 Ρ61·
1380 2071 1418 2095 86
1454 2072 1577 2105 ipsum

901 2106 957 2139 est
988 2107 1113 2140 veste
1143 2105 1329 2148 indutus’⁷
1362 2106 1404 2139 ut
1428 2106 1473 2140 dc
1498 2115 1578 2158 rep.

900 2150 933 2184 II
970 2162 1005 2194 p.
1036 2154 1101 2184 372
1126 2151 1176 2184 Α.
1227 2133 1368 2205 θέρους
1418 2163 1488 2194 μεν
1529 2147 1576 2184 τοὶ

900 2191 1021 2229 πολλα
1039 2196 1181 2238 γυμνοί
1195 2207 1235 2230 τε
1252 2195 1318 2229 καὶ
1337 2184 1577 2239 ανυπόὸητοι

900 2235 1147 2293 ἑργασονται,
1194 2241 1261 2274 τοῦ
1308 2240 1352 2275 δε
1393 2241 1578 2293 χειμῶνος

899 2281 1153 2341 ἠμφιεσμένοι
1183 2297 1224 2319 τε
1249 2285 1314 2319 καὶ
1340 2281 1576 2328 ὑποδεδεμέ

899 2341 959 2363 νοι
985 2327 1135 2368 ἷκανως.

945 2377 975 2411 9.
1012 2372 1064 2408 τὰ
1103 2371 1152 2408 δὲ
1190 2374 1323 2417 θριξὶ
1359 2374 1436 2408 καὶ
1475 2372 1576 2418 δέρ-

901 2430 1011 2461 μασι
1048 2419 1179 2464 στερ.]
1213 2419 1437 2463 Protagoras
1469 2429 1574 2462 prae-

900 2465 957 2497 ter
987 2463 1146 2513 ungulas
1183 2463 1257 2498 alia
1293 2448 1440 2505 attulit,
1479 2473 1575 2506 quae

901 2507 1029 2542 bestiis
1054 2508 1390 2543 calceamentorum
1408 2507 1489 2542 loco
1507 2507 1576 2541 tri-

901 2552 993 2587 buta
1017 2553 1108 2595 sint,
1134 2553 1199 2587 sed
1224 2553 1300 2603 eius
1325 2553 1441 2587 verba
1464 2552 1576 2586 libra-

900 2598 1039 2631 riorum
1064 2597 1234 2632 socordia
1250 2597 1383 2632 misere
1403 2599 1578 2647 corrupta,

902 2643 997 2676 sunt.
1058 2643 1154 2676 Nam
1201 2642 1462 2686 Epimetheus,
1512 2641 1577 2684 qui

898 2687 1009 2731 paulo
1043 2690 1129 2722 ante
1162 2687 1271 2730 θριξὶ
1304 2687 1369 2721 καὶ
1408 2691 1576 2728 στερεοῖς

902 2732 1062 2776 δέρμασι
1092 2732 1287 2766 dicebatur
1311 2743 1399 2765 usus
1424 2742 1502 2765 esse
1529 2730 1576 2765 ad

901 2745 1039 2811 bestias
1074 2777 1302 2816 vestiendas,
1339 2787 1413 2810 non
1444 2775 1576 2810 iisdem

902 2821 1012 2856 rebus
1037 2821 1084 2856 ad
1102 2832 1164 2856 eas
1183 2821 1402 2856 calceandas
1422 2821 1477 2855 uti
1494 2822 1576 2864 pot-

903 2865 969 2901 uit.
