1907 3230
649 162 715 196 AD
741 161 1088 197 PROTAGORAM.
1519 167 1569 208 13

152 263 321 317 publica
345 276 391 304 eo
413 265 590 316 spectat,
623 265 670 303 ut
689 262 780 313 filii,
814 265 1018 316 quantum
1040 262 1130 303 fieri
1151 263 1296 317 possit,
1328 264 1378 304 ad
1400 264 1569 306 virtutis

156 319 503 360 exercitationem
535 318 867 371 conformentur,
900 318 946 358 in
977 332 1153 372 eamque
1176 318 1468 361 educationem
1491 321 1570 362 viri

157 375 309 415 summi
341 374 434 428 plus
464 388 588 416 curae
618 376 744 427 atque
774 374 979 427 pecuniae
1012 388 1139 427 quam
1161 375 1234 415 alii
1254 374 1446 416 homines
1470 390 1569 417 con-

151 431 306 471 ferunt.
370 429 516 484 Neque
547 430 684 471 dicere
715 431 828 471 recte
860 430 961 470 licet
990 429 1070 470 hac
1091 430 1256 471 ratione
1277 430 1385 472 nihil
1406 432 1569 485 piofici.

150 485 242 527 Imo
265 499 364 526 vero
387 500 532 527 omnes
555 485 607 526 ad
624 485 808 539 aliquam
827 485 994 526 virtutis
1012 485 1220 527 rationem
1237 486 1569 542 facultatemque

151 541 436 594 adducuntur,
476 555 612 595 neque
650 541 931 582 dubitandum
971 544 1055 593 est,
1088 542 1191 595 quin
1230 543 1569 596 improbissimus

150 611 200 638 ex
245 598 317 650 iis,
364 575 436 651 qui
477 597 555 638 sub
599 597 763 651 legibus
803 600 844 637 et
881 597 994 638 inter
1031 597 1223 639 homines
1262 600 1428 648 vivunt,
1475 613 1569 640 cum

152 653 392 708 agrestibus
447 667 494 694 ac
547 653 751 707 solivagis
797 652 1040 694 hominibus
1087 657 1353 717 comparatus
1398 655 1569 696 virtutis

151 723 322 771 compos
354 723 443 749 esse
475 708 677 749 videatur.
738 709 886 763 Itaque
917 723 971 749 ne
1001 709 1032 750 ii
1063 709 1245 762 quidem,
1278 711 1348 763 qui
1371 725 1396 750 a
1416 725 1568 764 paren-

148 771 239 805 tum
278 764 435 805 virtute
480 764 769 817 desciverunt,
808 767 1035 818 propterea
1073 765 1306 819 degeneres
1345 765 1569 820 habentur,

149 819 262 874 quod
293 820 409 860 omni
439 820 612 861 omnino
646 821 799 862 virtute
821 821 1014 862 destituti
1035 824 1148 874 311111,
1181 823 1252 862 3οἀ
1274 822 1374 875 quia
1394 824 1570 876 propter

147 876 357 917 minorem
388 876 552 938 ingenii
583 877 817 918 bonitatem
848 877 900 917 ad
929 877 1135 918 maiorum
1157 891 1328 918 suorum
1349 882 1568 931 praestan-

150 932 257 973 tiam
288 933 507 985 pervenire
538 946 626 973 non
657 935 899 986 potuerunt.
960 932 1012 973 In
1044 946 1092 973 eo
1123 935 1264 974 autem
1292 948 1468 975 numero
1491 934 1568 975 Pe-

153 987 268 1029 riclis
297 987 375 1028 filii
405 987 593 1029 nondum
680 988 808 1030 bendi
828 991 939 1040 sunt,
972 989 1022 1029 de
1053 989 1205 1042 quibus
1234 993 1408 1044 propter
1427 990 1570 1031 iuven-

148 1047 285 1085 tutem
304 1045 414 1085 bona
437 1058 658 1098 speriare
645 1047 738 1088 icet
762 1070 814 1076 —
836 1020 980 1086 Ε111110
1000 1044 1080 1085 hac
1103 1045 1294 1086 oratione
1311 1046 1568 1101 Protagoias

151 1100 289 1140 denuo
320 1114 363 1141 se
394 1100 616 1154 profitetur
646 1101 815 1141 virtutis
846 1101 1113 1155 magistrum,
1147 1115 1352 1155 suamque
1384 1102 1569 1156 discipli-

148 1170 250 1196 nam
281 1156 343 1196 ait
372 1156 506 1196 multo
537 1157 763 1219 grandiore
795 1156 971 1211 dignam
1003 1171 1092 1198 esse
1123 1158 1277 1210 pretio,
1310 1172 1434 1211 quam
1456 1158 1567 1211 quod

146 1212 236 1265 ipse
268 1226 293 1252 a
323 1211 540 1265 discipulis
570 1213 737 1267 exigere
769 1213 913 1254 soleat.
974 1213 1022 1256 P
1054 1213 1138 1253 324
1159 1212 1197 1253 D
1219 1238 1273 1244 ——
1295 1214 1377 1255 328
1400 1213 1453 1254 D.

258 1266 351 1308 Hac
372 1267 633 1322 Protagorae
666 1269 858 1309 oratione
889 1268 1152 1309 audientium
1183 1269 1314 1309 animi
1345 1269 1448 1310 adeo
1473 1283 1565 1323 per-

147 1323 254 1364 moti
285 1325 397 1376 sunt,
429 1326 476 1364 ut
506 1337 652 1364 omnes
684 1324 857 1377 plausus
887 1338 937 1365 ac
968 1324 1186 1374 clamores,
1220 1325 1384 1378 quibus,
1416 1325 1478 1366 uti
1499 1339 1567 1366 Ve-

146 1382 283 1420 terum
321 1393 411 1420 mos
450 1382 562 1432 erat,
603 1379 711 1420 aliae
751 1380 967 1434 sophistae
999 1380 1213 1421 orationes
1245 1385 1445 1435 exceptae
1477 1395 1567 1422 esse

145 1435 362 1485 dicuntur,
410 1435 502 1488 ipsa
547 1436 827 1477 admiratione
874 1437 1254 1490 comprimerentur
1291 1439 1332 1478 et
1370 1436 1566 1478 Socrates

148 1491 465 1544 obstupefactus
496 1491 567 1532 diu
599 1491 725 1533 etiam
756 1492 946 1533 oratione
977 1492 1099 1533 finita
1121 1506 1145 1532 a
1166 1491 1426 1547 Protagorae
1447 1493 1567 1534 vultu

145 1547 361 1601 penderet.
425 1547 534 1588 Tum
554 1562 653 1589 vero
675 1548 816 1589 animo
839 1549 1030 1601 collecto,
1061 1550 1288 1602 postquam
1310 1548 1566 1602 Hippocrati

143 1603 303 1657 gratias
335 1603 435 1657 egit,
468 1605 577 1657 quod
609 1618 653 1645 se
683 1604 914 1658 impulerit,
946 1607 994 1645 ut
1024 1618 1071 1645 eo
1092 1606 1270 1657 veniret,
1304 1604 1565 1660 Protagorae

146 1659 338 1700 oratione
368 1659 411 1700 id
443 1660 637 1700 effectum
669 1674 759 1701 esse
791 1661 1037 1712 confitetur,
1078 1663 1126 1701 ut
1154 1661 1269 1714 ipse,
1300 1661 1403 1714 quin
1434 1662 1567 1702 virtus

146 1716 331 1756 humana
361 1729 460 1756 cura
490 1730 539 1756 ac
570 1716 796 1769 disciplina
826 1716 936 1757 tradi
967 1716 1121 1769 possit,
1154 1730 1241 1757 non
1272 1717 1356 1757 10111
1389 1717 1563 1758 dubitet.

145 1770 226 1813 Sed
258 1771 308 1811 de
339 1771 603 1825 singularum
633 1772 838 1812 virtutum
866 1773 1166 1813 coniunctione
1188 1774 1230 1812 et
1252 1772 1566 1825 conspiratione

144 1827 242 1880 quid
282 1826 550 1868 sentiendum
581 1841 671 1868 esse
701 1827 913 1881 videatur,
952 1828 995 1868 id
1026 1842 1076 1868 ex
1107 1827 1221 1868 illius
1252 1829 1446 1869 oratione
1476 1842 1566 1869 non

143 1883 247 1923 satis
289 1896 332 1923 se
375 1883 630 1937 cognovisse
665 1883 788 1936 dicit,
828 1885 1055 1938 rogatque,
1095 1886 1142 1924 ut
1178 1897 1269 1924 eam
1307 1898 1396 1924 rem
1440 1884 1565 1938 paulo

142 1938 377 1980 accuratius
408 1940 698 1992 persequatur,
731 1939 857 1993 idque
886 1940 1026 1994 longis
1049 1940 1311 1980 orationibus
1333 1941 1488 1993 missis,
1519 1943 1566 1981 ut

141 1995 324 2035 breviter
367 1995 434 2035 vel
478 1995 773 2048 respondendo
818 1995 884 2036 vel
929 1996 1235 2050 interrogando
1281 1995 1560 2049 colloquatur.

141 2050 290 2104 Itaque
322 2064 451 2104 quum
472 2050 726 2106 Protagoras
757 2052 803 2092 in
833 2051 1120 2105 superioribus
1149 2051 1334 2105 plurium
1356 2052 1562 2092 virtutum

143 2107 405 2147 mentionem
428 2107 664 2161 iniecisset,
697 2107 892 2149 Socrates
922 2122 1035 2148 nunc
1066 2121 1116 2148 ex
1138 2121 1186 2148 00
1208 2108 1386 2161 quaerit,
1418 2110 1563 2149 utrum

144 2162 223 2203 hae
262 2176 408 2203 omues
447 2176 524 2216 pro
566 2177 651 2203 una
690 2165 856 2204 tantum
895 2163 1126 2217 eademque
1157 2163 1314 2204 virtute
1343 2163 1564 2205 habendae

144 2218 380 2271 videantur,
412 2232 466 2258 an
496 2219 637 2260 variae
668 2220 792 2260 unius
824 2219 994 2260 virtutis
1024 2222 1166 2273 partes
1196 2219 1445 2261 iudicandae
1467 2221 1564 2261 sint.

143 2273 429 2327 Amplectitur
457 2274 651 2339 sophista
672 2275 948 2328 posteriorem
969 2275 1240 2316 sententiam.
1303 2275 1449 2330 Itaque
1470 2276 1562 2318 ille:

144 2329 188 2371 Si
220 2330 351 2384 igitur
382 2333 512 2383 sunt,
527 2330 678 2384 inquit,
711 2346 735 2372 o
766 2333 890 2383 bone,
921 2332 1045 2372 unius
1075 2334 1216 2385 partes
1250 2331 1440 2383 virtutis,
1482 2333 1562 2373 hae

141 2387 258 2439 ipsae
296 2389 438 2440 partes
476 2388 549 2427 aut
586 2387 712 2440 plane
751 2387 927 2428 eandem
957 2387 1112 2428 habere
1143 2390 1321 2441 possunt
1350 2390 1557 2442 naturam,

143 2455 270 2495 quam
306 2444 464 2493 totum,
503 2443 853 2497 quemadmodum
892 2444 983 2484 auri
1020 2444 1252 2498 particulae
1290 2458 1315 2484 a
1353 2447 1442 2485 toto
1472 2458 1559 2485 non

143 2498 366 2551 differunt3
398 2475 471 2539 aut
505 2499 617 2540 inter
648 2513 691 2540 se
723 2499 910 2540 diversae
941 2502 1142 2554 poterunt
1174 2514 1264 2541 esse
1295 2500 1365 2550 sic,
1399 2502 1446 2540 ut
1476 2501 1559 2541 sin-

143 2553 269 2606 gulae
299 2568 418 2595 suam
450 2555 533 2596 sibi
563 2555 777 2618 propriam
808 2555 993 2597 habeant
1022 2560 1232 2609 naturam,
1265 2555 1393 2596 veluti
1415 2558 1559 2610 partes

141 2610 279 2663 faciei,
313 2624 372 2663 os,
404 2625 547 2665 nasus,
569 2612 725 2663 oculus,
748 2611 858 2652 inter
880 2626 969 2653 sese
991 2612 1203 2653 differunt.
1257 2611 1408 2653 Utrum
1429 2612 1560 2667 igitur

143 2665 222 2706 tibi
255 2666 422 2719 placet?
473 2666 632 2709 Probat
662 2667 854 2722 sophista
886 2682 973 2709 eam
1006 2669 1225 2721 rationem,
1257 2682 1340 2731 qua
1365 2668 1558 2723 singulae

144 2721 321 2763 virtutes
343 2722 455 2764 inter
476 2737 519 2764 se
542 2723 729 2765 diversae
751 2724 1004 2765 iudicantur.
1056 2724 1148 2765 Hoc
1170 2738 1269 2766 vero
1291 2724 1380 2765 eius
1402 2724 1557 2765 iudicio

142 2777 203 2817 ita
233 2778 366 2819 utitur
387 2778 592 2834 Socrates,
624 2783 670 2821 ut
701 2794 795 2821 eum
827 2779 978 2822 dehinc
1009 2780 1228 2822 dialectica
1257 2780 1558 2821 subtilitatem

143 2846 339 2888 magnam
377 2836 546 2877 consilii
583 2836 769 2891 inopiam
813 2837 1025 2878 coniiciat.
1095 2837 1270 2891 Colligit
1309 2837 1422 2878 enim
1459 2836 1557 2877 inde
