1907 3230
575 176 907 214 PROTAGORAS.
946 177 987 212 P.
1013 181 1077 212 309
1103 176 1167 215 ST.
1525 178 1578 219 41

169 280 310 322 ἐθέλω
342 279 502 321 εἰπεῖν·
549 278 768 332 παρόντος
792 276 877 332 γὰρ
898 278 1085 331 ἐκείνου,
1119 275 1221 319 οὔτε
1243 284 1481 332 προσεῖχον
1502 278 1581 319 τὸν

168 349 287 401 νοῦν,
322 344 695 400 ἐπελανθανόμην
726 360 771 386 τε
803 343 942 387 αὐτοῦ
974 343 1111 398 θαμά.

279 417 369 455 ΕΤ·
415 412 499 454 Καὶ
535 414 580 454 τί
612 408 668 454 ἄν
705 411 887 466 γεγονὸς
926 415 991 467 εἴη
1030 411 1131 465 περὶ
1171 411 1219 454 σὲ
1258 410 1470 454 κάκεῖνον
1508 427 1580 454 το-
1643 436 1650 447 ,ι
1685 441 1694 449 4,
1816 436 1907 476 's

165 488 330 524 Gofivov
368 484 566 535 upapam
613 475 668 521 Οὐ
705 477 790 533 γὰρ
828 478 974 534 δήπου
1013 479 1100 520 τινὶ
1139 480 1340 521 καλλίονι
1379 479 1583 533 ἐνέτυχες
1607 487 1632 523 C
1722 480 1865 498 “‘0'⁶⁵

125 556 145 588 5
168 547 288 605 ἄλλῳ
321 550 369 591 ἕν
399 562 448 602 γε
478 547 584 601 τῇδε
614 548 668 600 τῇ
698 546 838 588 πόλει.

278 618 380 657 Σῼ.
426 614 509 655 Καὶ
539 615 654 655 πολύ
685 629 747 667 γε.

277 686 369 725 ΕΤ.
424 684 476 724 Τί
504 681 610 737 φῄς;
643 675 763 736 ἀστῷ
792 678 821 734 ἢ
852 681 980 737 ξένῳ;

279 752 380 791 ΣΩ.
422 748 559 805 Ξένῳ.

277 819 370 858 ΕΤ.
413 817 633 870 Ποδαπςός

278 887 378 926 ΣΩ.
423 883 669 939 Ἀβδηρίτῃ.

277 954 369 993 ET.
412 950 500 992 Καὶ
539 948 654 993 οὕτω
693 950 825 999 καλός
862 966 926 1000 τις
964 947 987 993 ὁ
1026 951 1148 1001 ξένος
1186 950 1309 1001 «ἔδοξέ
1344 962 1414 991 σοι
1453 945 1583 1003 εἶναι,

166 1017 279 1061 ω’στε
310 1020 391 1061 τοῦ
420 1020 635 1060 Κλεινίου
666 1018 785 1068 υἱέος
815 1019 1008 1059 καλλίων
1039 1029 1110 1060 σοι
1141 1020 1361 1072 φανῆναι;

279 1088 378 1128 ΣΩ.
424 1088 531 1134 Πως
561 1083 603 1126 δ
637 1084 686 1127 οὐ
717 1086 887 1140 μέλλει,
931 1078 965 1127 ὦ
995 1100 1202 1140 μακαριε,
1242 1083 1290 1127 τὸ
1323 1084 1585 1140 σοφώτατον

166 1153 355 1195 κάλλιον
386 1154 652 1207 φαίνεσθαι;

281 1257 338 1289 12.
365 1252 452 1294 ὑέος
479 1253 634 1296 Schanz,
663 1253 726 1297 qui
751 1253 871 1288 causis
897 1254 1116 1293 commotus,
1144 1263 1235 1297 quas
1259 1252 1375 1298 praef.
1400 1253 1472 1287 vol.
1501 1252 1588 1287 VIII

165 1302 217 1341 §5
235 1298 379 1342 attulit,
405 1299 442 1332 in
468 1299 592 1342 prima
615 1280 759 1348 syllaba
783 1298 891 1332 huius
910 1298 1079 1332 vocabuli
1098 1308 1280 1341 nusquam
1313 1311 1325 1332 ι
1350 1298 1473 1343 ponit3
1504 1298 1585 1332 vul-

165 1354 292 1389 garem
317 1344 475 1397 formam
500 1344 539 1378 et
546 1354 651 1398 quia
674 1343 703 1376 B
729 1344 766 1377 et
789 1343 819 1376 T
843 1343 1025 1393 praebent
1050 1344 1087 1377 et
1111 1343 1193 1377 aliis
1220 1343 1265 1377 de
1293 1354 1413 1378 caums
1437 1343 1584 1378 retinui.

280 1386 405 1426 13.τὸ
431 1386 699 1433 σοφώτατον
717 1387 794 1422 BT:
805 1387 1083 1438 sapientius
1100 1387 1245 1423 Flemus
1270 1389 1394 1430 vertit,
1421 1387 1486 1438 sed
1509 1387 1585 1422 noli

166 1431 383 1477 σοφώτερον
409 1434 456 1468 ab
483 1444 525 1468 00
550 1433 688 1468 lectum
715 1432 911 1477 suspicari,
937 1432 1002 1475 qui
1027 1433 1116 1467 alibi
1140 1433 1253 1468 etiam
1276 1444 1321 1468 ex
1344 1432 1494 1478 ingenio
1519 1433 1588 1466 lin-

166 1489 262 1523 guae
288 1479 428 1514 latinae
453 1478 749 1522 comparativum
775 1478 908 1523 posuit,
935 1477 1025 1512 ubi
1015 1489 1052 1511 in
1070 1477 1237 1513 Platonis
1253 1478 1357 1512 libris
1374 1489 1448 1512 non
1471 1477 1586 1512 habe-

165 1526 238 1567 tur,
264 1525 306 1558 ut
324 1524 368 1558 de
386 1523 459 1567 leg.
479 1536 514 1568 p.
533 1527 596 1558 681
615 1524 656 1565 Β,
683 1523 745 1560 cfr
763 1523 922 1567 RivaLp

926 1527 1016 1560 132
1035 1522 1079 1557 D.
1117 1523 1339 1558 Praeferunt
1356 1525 1482 1558 autem
1503 1534 1586 1557 cum

167 1579 210 1604 eo
241 1568 464 1604 recentiores
496 1568 670 1603 editiores
696 1578 820 1602 omnes
845 1535 1062 1612 σοφώτερον
1087 1569 1125 1603 et
1149 1568 1375 1603 defendebat
1400 1567 1463 1603 Ch
1490 1567 1586 1602 Cron

166 1614 294 1649 Jahrb.
321 1614 345 1650 f.
371 1614 413 1651 cl,
438 1613 571 1648 Philol
600 1617 698 1657 1871,
722 1625 759 1658 p
788 1618 864 1656 733,
891 1613 956 1648 sed
981 1613 1056 1648 vid.
1081 1614 1178 1648 infra
1203 1614 1331 1648 annot.

166 1703 392 1759 intelligitur
417 1704 455 1737 et
478 1703 554 1740 11.1.
580 1707 617 1737 et
639 1703 746 1737 initio
766 1703 843 1737 dia-

166 1748 243 1793 logi
264 1748 486 1805 φαίνεσθαι
516 1749 734 1792 usurpatum
765 1758 844 1782 esse

165 1803 233 1837 pro
259 1791 457 1837 ἔρχεσθαι

214 1864 244 1894 1.
296 1855 397 1895 οὔτε
453 1863 706 1913 προσεῖχον
762 1856 845 1894 τὸν

167 1905 339 1939 νοῦν-
351 1903 500 1950 θαμα]
536 1905 622 1938 etsi
654 1904 733 1939 ille
766 1904 843 1938 ad-

168 1950 284 1992 erat,
310 1951 460 1983 tamen
480 1960 676 1983 anlmum
694 1959 779 1984 non
797 1949 845 1983 ad

167 2006 264 2045 eum
285 1994 605 2036 advertebam,
632 1995 844 2037 adeoque

169 2039 268 2074 eius
293 2039 570 2094 frequenter
596 2038 843 2074 oblivisce-

168 2085 259 2119 bar.
308 2084 397 2118 Post
428 2081 515 2119 οὔτε
540 2084 600 2118 1110
626 2082 664 2118 τέ
689 2084 846 2118 infertur

170 2129 238 2170 sic,
275 2129 316 2162 ut
345 2128 383 2162 in
416 2129 531 2163 altero
563 2129 729 2164 membro
760 2139 844 2174 gra-

170 2174 270 2208 datio
284 2173 382 2216 insit,
402 2174 501 2216 quod
522 2174 560 2207 in
573 2174 701 2208 multis
718 2173 845 2208 huius-

169 2219 271 2253 modi
289 2218 379 2253 locis
397 2218 508 2253 valet.
526 2230 559 2253 v.
573 2219 670 2253 infra
686 2230 721 2263 p.
736 2219 844 2254 347ss

169 2275 205 2309 p.
223 2267 283 2299 361
306 2264 345 2301 E.
371 2263 498 2298 Stant.

216 2336 249 2368 6.
283 2331 374 2367 Καὶ
414 2329 532 2365 πολύ
572 2331 637 2389 γε]
680 2331 744 2367 int.
785 2327 843 2365 ἐν·

173 2375 307 2421 ε’τυχον
347 2378 522 2411 καλλίονι
562 2376 628 2411 καὶ
667 2372 765 2409 πολύ
801 2388 844 2419 γε

173 2422 390 2475 (καλλίονι).
440 2420 604 2473 Euthyd.
638 2432 673 2465 p.
705 2424 768 2454 291
795 2422 843 2454 Α·

172 2480 223 2522 μη
260 2480 316 2507 τις
348 2467 427 2505 τῶν.
453 2462 681 2510 κρειττόνων
714 2465 845 2518 παρών

172 2509 273 2547 αυτοὶ
299 2509 539 2564 ἐφθέγξατο;
572 2512 654 2546 Ναὶ
679 2507 731 2554 μὰ
757 2512 845 2567 Δία,

171 2558 245 2592 τῶν
275 2569 500 2608 κρειττονων
524 2555 657 2600 μέντοι
683 2569 737 2595 τις
764 2557 846 2598 &glaol-

173 2603 286 2636 δοκεῖ
306 2601 372 2636 καὶ
389 2599 486 2636 πολύ
503 2614 556 2646 γε.
590 2600 759 2636 Socrates
777 2600 847 2635 hoc

173 2656 348 2691 responso
368 2646 618 2681 familiarem'
609 2656 646 2680 in
665 2656 846 2680 summam

174 2702 236 2726 exs
266 2691 489 2727 ectationem
520 2702 594 2726 non
624 2691 749 2735 potuit
772 2701 843 2725 non

174 2736 222 2771 ad
251 2747 375 2779 ucere,
411 2747 524 2780 quum
550 2735 779 2776 Alcibiades,
804 2737 846 2769 ut

175 2780 334 2816 Cornelii
342 2781 436 2826 Nep.
447 2781 570 2816 verbis
579 2783 672 2823 utar,
682 2780 845 2815 omnium

175 2827 309 2861 aetatis
333 2837 421 2861 suae
446 2826 565 2861 multo
591 2830 690 2861 esset
713 2826 847 2860 formo-

175 2870 347 2906 sissimus.
384 2871 522 2913 Quibus
542 2871 677 2906 similia
693 2872 847 2905 narrant

913 1703 1020 1737 Plato
1034 1702 1150 1737 Alcib.
1166 1703 1183 1736 I
1200 1702 1279 1739 init.
1294 1703 1463 1747 Xenoph.
1476 1702 1587 1737 Mem.

914 1747 941 1784 I.
966 1752 998 1790 2,
1025 1751 1078 1781 24.
1106 1747 1294 1783 Plutarch.
1321 1747 1440 1784 Alcib.
1466 1758 1495 1783 c.
1519 1751 1552 1781 4.

964 1795 1015 1829 10.
1040 1790 1293 1837 Ἀβδηρίτῃ]
1325 1792 1443 1827 Abest
1474 1803 1496 1826 a
1521 1791 1586 1826 So-

914 1837 1026 1872 cratis
1065 1847 1240 1881 responso
1277 1837 1449 1872 Abderae
1485 1837 1588 1871 urbis

913 1881 1044 1923 irrisio,
1071 1881 1169 1932 quod
1192 1882 1277 1917 inde
1287 1885 1462 1933 ..apparet
1488 1881 1588 1924 quod

913 1926 1104 1962 familiaris
1128 1927 1166 1960 in
1190 1928 1367 1972 proximis
1385 1925 1507 1962 dicit
1491 1941 1509 1963 ο
1530 1926 1587 1969 ξέ-

915 1985 991 2015 νος,
1016 1982 1089 2005 11011
1114 1985 1133 2007 ο
1158 1970 1386 2017 Ἀβδηρίτης,
1434 1971 1489 2006 Ex
1515 1982 1588 2015 quo

913 2018 1083 2068 tempore
1109 2017 1146 2051 et
1170 2027 1246 2059 qua
1270 2018 1315 2052 de
1337 2027 1448 2051 causa
1464 2017 1587 2052 Abde-

915 2062 1008 2097 ritae
1035 2061 1175 2106 stupidi
1199 2062 1331 2097 haberi
1355 2062 1479 2106 coepti
1503 2062 1587 2105 sint,

914 2107 1096 2142 incertum
1128 2107 1200 2149 est,
1232 2107 1270 2141 id
1299 2107 1409 2142 modo
1443 2108 1589 2141 constat

914 2151 1174 2187 Demosthenis
1187 2154 1310 2187 aetate
1326 2163 1389 2187 eos
1401 2152 1475 2186 iam
1489 2151 1587 2186 male

915 2197 1088 2254 audiisse,
1114 2208 1148 2232 V.
1175 2196 1276 2231 Orat.
1299 2201 1349 2237 17,
1376 2201 1437 2232 23·
1464 2209 1587 2241 ωσπερ

914 2239 954 2276 ἐν
983 2240 1218 2299 Ἀβδηρίταις
1250 2236 1272 2286 ἢ
1300 2243 1585 2294 Μαρωνείταις,

914 2283 1000 2321 αλλ’
1021 2282 1089 2321 οὐκ
1105 2285 1143 2321 ἐν
1157 2283 1374 2331 Ἀθηναιόις
1388 2284 1588 2322 πολιτευό·

913 2344 1032 2376 μενοι.
1081 2331 1286 2368 Maximum
1323 2331 1588 2366 detrimentum

912 2376 1034 2411 famae
1075 2388 1203 2412 eorum
1238 2377 1405 2412 intulisse
1441 2377 1588 2412 videtur

915 2420 1145 2456 Stratonicus
1192 2422 1427 2456 citharoedus
1476 2421 1587 2466 (conf.

914 2466 1047 2502 Athen.
1067 2471 1131 2502 349
1145 2467 1202 2509 B).
1244 2466 1296 2501 Eo
1313 2469 1493 2511 tempore,
1515 2476 1587 2510 quo

915 2511 1011 2546 hunc
1041 2522 1248 2547 sermonem
1280 2511 1388 2546 Plato
1419 2511 1587 2546 habitum

915 2567 993 2591 esse
1025 2557 1149 2601 fingit,
1187 2568 1231 2592 ex
1261 2556 1447 2591 Abderitis
1477 2566 1587 2590 nemo

916 2603 997 2636 erat
1013 2602 1300 2637 Atheniensibus
1318 2601 1449 2643 notior,
1475 2611 1587 2644 quam

915 2646 1219 2690 Nymphodorus,
1256 2646 1301 2681 de
1338 2657 1410 2690 quo
1442 2646 1590 2691 scripsit

916 2691 1150 2745 Thucydides
1174 2692 1240 2728 lib.
1264 2691 1309 2729 II.
1337 2702 1366 2726 0.
1396 2694 1448 2728 29.

962 2741 1017 2773 13.
1044 2734 1085 2772 τὸ
1130 2749 1171 2772 σο
1206 2736 1368 2787 ω’τατον]
1420 2735 1589 2771 Socrates

917 2780 1060 2817 dixerat
1099 2793 1136 2817 se
1205 2782 1362 2826 ospitem
1403 2781 1589 2824 quendam

917 2826 1134 2862 Abderitam
1170 2828 1311 2862 multo
1340 2827 1587 2871 pulchriorem

916 2870 1107 2907 Alcibiade
1126 2872 1337 2914 offendissc3
1358 2871 1457 2914 quod
1474 2881 1585 2913 quum
