1939 3214
301 147 355 190 73
575 198 578 200 .
882 142 1123 178 PLATONIS

301 239 446 301 ἦλθεν
486 244 751 300 εἱμαρμένος
787 243 1026 297 γενέσεως,
1071 244 1297 284 τυποῦσιν
1342 240 1454 283 αὐτοὶ
1499 244 1602 285 θεοὶ
1644 237 1728 296 γῆς

303 315 437 357 ε”νδον
470 313 519 355 ἐκ
548 316 628 367 γῆς
658 311 733 353 καὶ
763 308 906 365 πυρὸς
935 309 1145 363 μίξαντες
1175 309 1250 351 καὶ
1281 311 1373 350 τῶν
1404 306 1485 350 ὅσα
1516 309 1627 365 πυρὶ
1649 309 1833 352 aalma>

301 384 359 437 γῇ
380 380 665 434 κεράννυται.
709 376 863 432 ἐπειδὴ
886 375 929 418 δ’
961 373 1088 430 ἄγειν
1111 372 1225 418 αὐτοὶ
1256 374 1366 429 πρὸς
1397 378 1493 429 φῶς
1523 377 1723 430 ἔμελλον,

299 446 579 503 προσέταξαν
622 448 866 500 Προμηθεῖ
903 443 978 485 καὶ
1019 441 1256 498 Ἐπιμηθεῖ
1293 444 1520 497 κοσμῆσαί
1559 458 1607 485 τε
1651 442 1726 484 καὶ

298 522 447 569 νεῖμαι
468 513 683 568 δυνάμεις
704 509 987 560 §meroes-'039
1007 511 1177 564 πρέπει.
1217 510 1466 565 Προμηθέα
1488 509 1537 552 δὲ
1558 524 1726 564 παραι-
1748 525 1766 551 5

299 589 438 624 τεῖται
464 576 733 634 Ἐπιμηθεὺς
753 576 888 627 αὐτὸς
907 584 1080 632 νεῖμαι·
1112 578 1366 632 Νείμαντος
1388 574 1428 617 δ’
1463 578 1590 631 ἐμοῦ,
1622 579 1725 632 ἔφη,

252 655 280 689 Ε
301 651 551 700 ἐπίσκεψαι.
605 647 679 688 καὶ
710 644 853 695 οὕτως
883 646 1039 694 πείσας
1069 643 1207 699 νέμει.
1259 645 1408 698 νέμων
1440 644 1490 686 δὲ
1520 651 1612 693 τοῖς
1642 644 1726 698 μὲν

302 716 436 771 ἰσχύν
468 713 578 757 ἄνευ
613 713 775 767 τάχους
805 714 1056 767 προσῆπτε,
1096 708 1150 753 τὰ
1189 708 1230 753 δ’
1270 711 1575 766 ἀσθενέστερα
1605 711 1728 766 τάχει

301 785 477 839 ἐκόσμει
493 798 501 806 ·

550 782 604 824 τὰ
643 781 693 822 δὲ
731 779 915 834 ὥπλιζε,
963 786 1055 828 τοῖς
1095 777 1136 820 δ’
1178 777 1353 821 ἄοπλον
1391 777 1545 828 διδοὺς
1584 778 1728 833 φύσιν

300 851 440 906 ἄλλην
462 849 548 892 τιν’
576 848 728 897 αὐτοῖς
754 846 1003 902 ἐμηχανᾶτο
1022 846 1218 902 δύναμιν
1237 847 1299 895 εἰς
1320 847 1558 900 σωτηρίαν.
1592 844 1621 887 δι’
1642 846 1725 900 μὲν
1742 860 1776 886 10

298 919 385 975 γὰρ
418 916 568 960 αὐτῶν
599 916 862 971 σμικρότητι
893 912 1107 970 ἤμπισχε,
1149 912 1319 968 πτηνὸν
1350 910 1503 968 φυγὴν
1532 908 1561 967 ἢ
1591 912 1727 954 κατά-

299 1002 423 1041 γειον
461 989 638 1039 οἴκησιν
685 984 860 1036 ἔνεμεν·

908 978 937 1023 ὁὶ
975 981 1024 1023 δὲ
1064 976 1171 1036 ηὖξε
1209 981 1413 1035 μεγέθει,
1460 980 1574 1034 τῷδε
1605 978 1727 1035 αὐτῷ

412 1117 530 1157 8,τὰ
565 1116 604 1152 δ’
637 1115 965 1172 ἀσθενέστερα
990 1135 1031 1140 —-
1058 1112 1113 1150 τὰ
1147 1113 1196 1149 δὲ
1231 1125 1347 1148 unum
1372 1114 1634 1158 apographum
1658 1114 1726 1148 Pa-

299 1165 456 1200 risinum
481 1167 587 1215 3017·
614 1159 704 1202 τοὺς
731 1159 769 1196 δ’
795 1159 1098 1215 ασθενεστέρους
1115 1179 1158 1185 —-
1176 1156 1266 1199 τοὺς
1292 1157 1335 1193 δε
1349 1158 1429 1200 ΒΤ
1455 1158 1556 1201 quod
1573 1161 1730 1203 propter

301 1209 498 1254 sequentia
529 1202 553 1242 ἃ
585 1220 654 1258 μεν
686 1203 759 1252 γὰρ
792 1202 945 1241 αὐτῶν
974 1202 1050 1240 mg.
1083 1216 1215 1240 verum
1240 1215 1318 1239 esse
1350 1213 1425 1237 non
1454 1204 1596 1248 potest;
1631 1206 1728 1239 cete-

301 1268 384 1291 rum
410 1252 646 1300 grammatici
671 1252 818 1297 generis
850 1251 988 1286 mutati
1021 1250 1234 1295 exemplum
1265 1249 1338 1284 vid.
1363 1248 1514 1284 Lachet
1538 1260 1574 1292 p.
1602 1253 1665 1284 197
1690 1248 1730 1283 C.

348 1373 376 1403 1.
398 1369 478 1412 γῆς
498 1364 653 1409 ἔνδον]
675 1364 781 1406 Quod
802 1364 979 1399 animalia

301 1413 476 1448 dicuntur
510 1411 686 1446 tellurem
722 1409 822 1443 intus
855 1420 877 1443 a
910 1410 979 1443 diis

299 1459 461 1493 formata
484 1466 576 1498 esse,
603 1455 883 1489 accommodate
908 1454 979 1489 1100

301 1504 348 1538 ad
380 1503 550 1537 veterum
580 1499 807 1545 populorum
833 1499 978 1543 opinio—

299 1559 385 1584 nem
424 1546 595 1590 fingitur,
634 1555 708 1588 qua
742 1546 879 1594 terram
913 1544 979 1578 ha-

300 1593 464 1629 buerunt
481 1600 714 1625 communem
733 1589 899 1623 omnium
912 1600 978 1632 pa-

300 1640 459 1679 rentem,
486 1646 582 1679 quae
603 1634 780 1684 animalia
798 1635 836 1668 et
860 1634 976 1684 1101111-

300 1695 365 1718 nes
392 1693 411 1717 e
436 1681 595 1716 fecundo
621 1678 763 1723 gremio
799 1689 864 1714 suo
890 1678 978 1714 emi-

299 1728 415 1764 sisset
442 1725 569 1761 Stallb.

345 1778 376 1808 2.
418 1769 464 1807 ἐκ
504 1769 588 1815 γῆς
629 1769 707 1804 καὶ
743 1766 889 1811 πυρὸς
915 1769 973 1812 -]

301 1818 442 1853 Timae
449 1828 493 1871 p
510 1814 609 1849 4213:
627 1810 809 1868 λαβόντες
827 1812 880 1855 (οι
895 1813 977 1848 νέοι

300 1863 405 1916 θεοὶ)
433 1858 640 1897 οἷθοὶνατον
671 1857 794 1912 ἀρχὴν
826 1860 977 1902 θνητοῦ

300 1905 414 1954 ζῴου,
448 1904 678 1959 μιμούμενοι
703 1903 770 1939 τὸν
796 1904 980 1955 σφέτερον

301 1949 549 2009 δημιουργόν,
574 1962 694 2001 πυρος
710 1950 776 1983 καὶ
794 1949 879 2000 γῆς
884 1942 978 1982 ὕδα-

300 2012 362 2038 'BOS'
380 2011 420 2033 τε
439 2011 504 2031 και
524 1993 651 2047 ἅδρος
654 1991 730 2028 άπὸ
747 2006 814 2028 tov
833 2005 978 2046 Ίξθσμου

303 2039 568 2097 δανειζόμενοι
604 2036 717 2083 μόρια
756 2035 804 2078 ὡς
837 2034 978 2072 ἀποδο-

301 2091 356 2132 θη
361 2085 503 2131 σόμενοι
543 2081 679 2125 πάλιν,
731 2082 786 2122 εἰς
835 2079 977 2117 ταύτὸν

303 2102 548 2176 ξυνεκόλλων.
582 2128 674 2163 Ibid.
692 2140 729 2172 p.
747 2128 849 2162 82A.
889 2127 978 2161 Pro—

300 2181 456 2228 tagorae
497 2184 595 2219 aqua
625 2175 764 2214 terrae,
804 2174 870 2207 301·
899 2172 978 2216 igni

301 2224 449 2257 misceri
465 2220 545 2255 visa
563 2220 657 2253 sunt.
700 2218 800 2252 Haec
818 2218 980 2260 quatuor

303 2273 382 2302 ess'e
407 2277 530 2301 rerum
554 2263 759 2309 principia,
793 2273 812 2297 e
846 2262 981 2305 quibus

303 2312 427 2347 omnia
475 2310 706 2351 constarent,
761 2306 981 2352 Empedocli

300 2358 422 2414 primo
446 2355 597 2407 placuit.

347 2402 425 2437 καὶ
451 2413 536 2435 των
561 2395 644 2433 ὅσοι
661 2416 703 2422 -
722 2409 874 2440 κεραν.
880 2397 893 2440 ]
914 2397 980 2430 Ar-

302 2447 410 2482 ticuli
434 2445 490 2480 vis
508 2445 595 2480 ante
613 2452 719 2487 pron.
738 2441 846 2477 relat.
867 2440 979 2484 positi

302 2503 325 2527 a
354 2490 499 2542 vulgari
530 2500 605 2524 non
635 2487 794 2527 recedit,
828 2486 892 2520 sed
924 2487 980 2520 est

301 2538 362 2572 hic
402 2537 479 2571 eius
518 2545 604 2569 usus
644 2532 745 2576 apud
784 2513 979 2565 Platonem

302 2582 422 2616 multo
452 2578 703 2622 frequentior,
741 2587 854 2619 quam
880 2575 980 2620 apud

304 2627 396 2660 alios
437 2625 657 2669 scriptores,
699 2633 733 2656 v.
765 2621 908 2654 Phileb.
942 2632 978 2664 p.

303 2671 411 2707 37Β
442 2670 480 2705 C.
519 2671 564 2703 de
601 2679 679 2711 rep.
712 2666 810 2709 Vp
840 2665 978 2701 469ss

304 2715 466 2760 Sophist.
484 2727 521 2759 p.
541 2713 661 2748 241E.
687 2711 733 2746 al.
756 2710 980 2744 Themistius

305 2771 355 2795 or.
381 2764 423 2794 27
448 2771 483 2804 p.
503 2763 568 2794 338
592 2758 788 2792 Platonem
811 2754 980 2789 imitatus

304 2805 453 2861 scripsit
484 2806 626 2858 μίσγων
659 2800 699 2837 ἐκ
725 2801 795 2844 γῆς
820 2801 885 2834 καὶ
911 2813 980 2834 πυ-

305 2849 370 2894 ρὸς
386 2849 451 2885 καὶ
472 2850 544 2883 τῶν
571 2845 732 2885 ἐκείνοις
760 2841 979 2889 ξυμφύλων.

1095 1367 1127 1397 5.
1156 1360 1211 1402 ὡς
1235 1358 1426 1415 πρέπει]
1447 1359 1634 1395 Orationis
1660 1361 1727 1396 ob—

1049 1406 1174 1460 liquae
1215 1405 1312 1440 ratio
1355 1404 1493 1450 πρέποι
1535 1405 1725 1449 exigebat.

1050 1452 1118 1486 Sed
1146 1449 1194 1491 ὡς
1220 1450 1357 1493 πρέπει
1384 1452 1439 1484 est
1465 1450 1533 1484 ‘ita
1558 1452 1600 1484 ut
1617 1450 1727 1485 decet

1049 1496 1109 1532 vel
1133 1495 1321 1547 convenit?
1348 1496 1386 1529 et
1410 1508 1540 1561 vanem
1566 1508 1615 1535 ως
1639 1495 1727 1538 πρέ-

1049 1555 1112 1577 πει
1130 1541 1168 1575 111
1185 1540 1401 1575 universum
1419 1542 1502 1575 est‘
1507 1539 1727 1575 convenien-
1737 1550 1740 1551 ⁷

1048 1588 1106 1621 ter
1137 1588 1175 1621 et
1206 1586 1276 1620 rite
1308 1585 1566 1628 distribuere,
1599 1585 1729 1619 contra

1048 1629 1096 1671 ὡς
1137 1629 1277 1673 πρέποι
1318 1631 1430 1665 esset:
1480 1630 1523 1664 ut
1565 1630 1726 1672 deceret,
1738 1648 1742 1653 ·

1049 1676 1150 1728 quod
1180 1675 1361 1725 penderet
1394 1685 1413 1709 e
1446 1675 1562 1709 verbo
1593 1674 1727 1725 προσέ-

1047 1722 1179 1763 ταξαν,
1213 1731 1236 1754 1.
1262 1730 1293 1756 0
1329 1730 1348 1753 0
1373 1720 1475 1753 iussu
1508 1720 1547 1753 et
1575 1718 1727 1754 consilio

1048 1766 1205 1800 deorum
1236 1765 1297 1799 vel
1322 1775 1365 1799 ex
1392 1775 1434 1799 eo
1460 1764 1559 1807 quod
1583 1763 1635 1798 dii
1659 1774 1728 1808 pro

1049 1809 1295 1845 conveniente
1329 1809 1528 1863 haberent
1556 1809 1638 1846 Ast.

1091 1859 1396 1904 παραιτεῖται
1412 1874 1455 1878 --
1473 1850 1612 1894 αυτὸς
1638 1858 1728 1889 ’1)δῖ-

1050 1901 1147 1952 μαι]
1182 1899 1272 1933 sibi
1304 1900 1393 1942 ips1
1426 1898 1728 1933 distributio-

1048 1945 1120 1978 nis
1144 1955 1301 1978 munus
1326 1943 1549 1993 deposcit.
1584 1956 1727 1993 παραι-

1049 1991 1207 2024 τεῖσθαι
1226 1989 1284 2023 est
1300 1987 1545 2038 deprecari
1570 1988 1726 2030 eiusque

1049 2034 1155 2069 verbi
1180 2033 1367 2077 duplicem
1400 2044 1472 2067 vim
1505 2034 1544 2067 et
1573 2032 1728 2076 petendi

1049 2081 1087 2113 et
1108 2078 1311 2132 avertendi,
1315 2078 1441 2119 habet,
1462 2077 1507 2111 cf.
1521 2077 1618 2122 apol.
1627 2078 1728 2112 27Α.

1049 2118 1142 2176 ὅπερ
1167 2120 1254 2158 κατ’
1289 2121 1409 2167 ἀρχὰς
1434 2120 1533 2166 ὑμᾶς
1557 2135 1728 2177 παρῃτη-

1050 2167 1176 2213 σάμην
1208 2169 1246 2202 et
1280 2168 1379 2202 infra
1414 2178 1451 2211 p.
1478 2171 1544 2202 358
1569 2168 1618 2201 A:
1655 2166 1727 2219 τὴν

1050 2214 1248 2257 Προδίκου
1273 2214 1466 2257 διαίρεσιν
1492 2213 1566 2246 τῶν
1586 2208 1727 2265 ρνομα-

1050 2273 1123 2294 των
1140 2259 1418 2302 παραιτοῦμαι.
1437 2275 1481 2281 -
1500 2254 1617 2296 αυτὸς
1641 2256 1677 2294 h
1699 2255 1725 2293 l.

1049 2304 1126 2338 fere
1143 2303 1245 2338 idem
1263 2304 1319 2338 est
1335 2313 1378 2337 30
1395 2299 1523 2346 μόνος,
1549 2302 1591 2335 ut
1614 2311 1728 2345 supra,

1048 2361 1086 2393 p.
1113 2353 1178 2383 309
1203 2349 1249 2391 A,
1274 2352 1339 2382 320
1364 2347 1408 2380 A.

1097 2397 1149 2427 11.
1191 2393 1465 2437 σμικρότητι
1505 2386 1724 2444 ἤμπισχε]

1049 2438 1190 2473 Eodem
1215 2437 1325 2472 1110ᾶο
1348 2448 1385 2481 p
1412 2440 1473 2471 321
1490 2437 1536 2469 A:
1563 2432 1726 2490 ἀμφιεν-

1049 2482 1116 2522 νὺς
1142 2479 1242 2518 αὐτοὶ
1267 2506 1306 2511 -
1333 2484 1499 2524 στερεοῖς
1528 2479 1725 2525 δερμασιν,

1048 2528 1269 2572 plerumque
1292 2527 1363 2560 hoc
1387 2526 1542 2560 verbum
1559 2536 1643 2559 cum
1660 2525 1741 2558 du?

1048 2573 1138 2627 plici
1153 2571 1364 2607 accusativo
1377 2570 1541 2614 ponitur.
1555 2590 1598 2595 —
1611 2582 1639 2604 π
1649 2582 1668 2603 τ
1677 2583 1724 2614 η-

1050 2616 1132 2653 νὸν
1171 2613 1339 2660 φυγήν,
1376 2615 1622 2650 volatilem
1655 2613 1725 2647 fu-

1050 2674 1169 2708 gam,
1189 2661 1337 2704 poetice
1355 2660 1496 2694 dictum
1514 2669 1582 2704 pro
1606 2658 1725 2701 alas,

1049 2707 1216 2751 quibus
1264 2705 1472 2750 effugere
1525 2703 1724 2748 possent.

1048 2752 1176 2789 Stallb

1097 2801 1147 2831 12.
1185 2796 1303 2842 τῷδε
1341 2792 1478 2837 αὐτῷ]
1519 2793 1589 2827 1100
1628 2792 1723 2837 ipso,

1049 2841 1160 2876 videl.
1184 2834 1454 2885 magnitudinis
1479 2837 1680 2883 praesidio.
