1939 3214
339 139 418 179 140
927 144 1117 182 PLATON
1121 147 1163 183 IS

334 238 426 280 τῶν
452 237 675 295 Ἑλλήνων
707 243 757 285 ἐν
779 245 932 300 Κρήτῃ
964 261 1010 287 τε
1040 247 1115 288 καὶ
1147 248 1197 290 ἐν
1218 252 1536 306 Λακεδαίμονι,
1568 255 1643 296 καὶ
1675 266 1753 297 σο-

336 306 489 359 φισταὶ
527 310 727 350 πλεῖστοι
765 312 845 364 γῆς
884 311 980 354 ἐκεῖ
1015 314 1139 356 εἰσιν.
1201 313 1298 358 ἀλλ’
1348 317 1640 371 ἐξαρνοῦνται
1677 322 1752 364 καὶ

335 376 672 427 σχηματίζονται
694 374 884 429 ἀμαθεῖς
913 375 1042 434 εἶναι,
1073 381 1148 423 ’ἵνα
1178 381 1237 437 μὴ
1269 383 1511 439 κατάδηλοι
1541 381 1654 430 αἷσιν
1684 388 1752 431 ὅτι

335 442 474 495 σοφία
502 444 592 483 τῶν
623 440 851 497 Ἑλλήνων
881 448 1117 501 περίεισιν,
1158 448 1308 505 ὥσπερ
1339 450 1418 501 οὓς
1447 457 1754 511 Πρωταγόρας

334 507 457 559 ἔλεγε
486 508 592 558 τοὺς
623 511 852 565 σοφιστάς,
885 511 997 554 ἀλλὰ
1029 516 1195 557 δοκῶσι
1225 521 1286 573 τῷ
1317 518 1538 573 μάχεσθαι
1569 522 1643 564 καὶ
1673 523 1748 566 οἷν-
1781 538 1814 564 5.
1873 546 1879 553 τ
1909 545 1932 560 22

333 573 460 629 ὃρεία
505 583 747 630 περιεῖναι,
792 575 1053 634 ἡγούμενοι,
1100 583 1142 624 εἰ
1175 590 1427 637 γνωσθεῖεν
1465 581 1500 642 ᾧ
1545 592 1750 646 περίεισι,

333 640 502 691 πάντας
539 646 670 685 τοῦτο
710 642 938 700 ἄσκήσειν.
1000 651 1086 690 νῦν
1124 650 1173 692 δὲ
1203 649 1574 709 ἀποκρυψάμενοι
1605 656 1752 701 ἐκεῖνο

334 707 634 763 ἐξηπατήκασι
671 707 777 762 τοὺς
815 713 866 755 ἐν
903 722 998 765 ταῖς
1035 716 1192 760 πόλεσι
1222 721 1565 777 λακωνίζοντας,
1606 725 1679 767 καὶ
1711 726 1759 768 οἱ

288 782 314 818 C
331 777 414 828 μὲν
444 769 536 818 ὦτά
566 793 611 819 τε
642 779 944 833 κατάγνυνται
975 782 1242 839 μιμούμενοι
1263 785 1440 843 αὐτούς,
1473 791 1546 832 καὶ
1569 793 1753 846 ἱμάντας
1772 804 1909 833 smum*

330 846 698 897 περιειλίττονται
738 849 812 888 καὶ
851 851 1267 904 φιλογυμναστοῦσι
1298 857 1370 897 καὶ
1400 859 1610 912 βραχείας
1641 859 1752 903 οἰνα-
1765 873 1800 899 10

329 909 467 963 βολὰς
505 916 743 967 φοροῦσιν,
782 912 841 964 ὥς
879 915 932 970 δή
973 917 1148 969 τούτοις
1185 925 1460 974 κρατοῦντας
1490 929 1580 968 τῶν
1602 925 1750 983 Ἑλλή-

442 1048 472 1078 6.
506 1048 770 1089 γνωσθεῖεν
804 1041 833 1092 ᾦ
863 1052 1087 1093 περιέισιε
1121 1052 1231 1088 Certa
1262 1055 1355 1090 haec
1380 1059 1437 1092 est
1460 1058 1601 1103 Heusdi
1626 1072 1752 1097 emen-

329 1088 446 1131 datio,
475 1103 509 1124 οι
528 1091 606 1133 (sic)
636 1093 823 1135 περίεισιν
837 1093 878 1136 B,
905 1094 1002 1129 uude
1030 1107 1118 1131 vera
1138 1098 1248 1133 lectio
1266 1103 1434 1146 emergit,
1460 1103 1563 1149 ὥπερ
1591 1106 1688 1141 εἰσὶν
1707 1107 1752 1142 Τ.

329 1137 357 1168 7.
389 1130 572 1177 ἅσκήσειν
591 1136 638 1170 T:
667 1135 849 1181 α’σκήσειν
866 1138 936 1183 τὴν
960 1142 1101 1184 σοφίαν
1118 1142 1158 1185 Β,
1176 1145 1275 1186 quod
1300 1141 1523 1192 receperunt
1546 1150 1751 1196 Hermann,

328 1178 476 1223 Sauppe
495 1180 533 1214 et
550 1179 653 1214 Cron.
698 1180 771 1216 Sed
788 1194 871 1217 meo
888 1184 1026 1219 iudicio
1043 1186 1152 1222 nimis
1176 1188 1395 1233 languidum
1421 1195 1477 1228 est
1501 1195 1539 1229 et
1564 1195 1597 1231 ei
1623 1196 1752 1232 obstat

326 1223 364 1257 in
390 1224 630 1268 sequentibus
656 1223 793 1262 ἐκεῖνο.
840 1227 963 1263 Etiam
990 1229 1131 1265 Schanz
1157 1238 1374 1277 aspernatus
1400 1239 1466 1275 est.

326 1357 417 1389 quos
443 1347 614 1383 Socrates
639 1350 769 1394 vocat,
808 1351 1001 1395 sophistis;

323 1392 378 1426 ita
426 1393 524 1427 enim
569 1394 720 1428 notatur
767 1399 1002 1440 μακρολογία

323 1436 405 1479 illa,
432 1447 543 1480 quam
567 1439 802 1483 Protagoras,
831 1440 1000 1486 Hippias,

323 1481 520 1523 Prodicus,
548 1484 723 1528 Gorgias,
748 1485 812 1519 alii
837 1487 1000 1523 studiose

323 1527 572 1570 sectabantur,
592 1539 664 1571 quo
682 1529 828 1564 facilius
846 1531 999 1566 audien-

325 1572 417 1605 tium
444 1573 587 1607 animos
613 1573 823 1609 delenirent
853 1575 998 1619 sibique

323 1617 578 1652 conciliarent.
610 1617 739 1653 Stallb.
778 1619 833 1654 De
865 1621 999 1665 geniti-

322 1660 377 1694 vis
413 1661 487 1695 τῶν
519 1660 711 1706 Ἑλλήνων
748 1665 786 1698 et
815 1664 884 1709 γῆς
916 1676 1000 1700 cum

321 1707 479 1750 πλείστη
513 1709 550 1741 et
580 1709 765 1747 πλείστοι,
804 1719 878 1743 non
915 1721 999 1744 cum

321 1747 402 1785 ἐκεῖ
432 1752 668 1786 conectendis
698 1765 731 1787 v.
759 1753 903 1798 Kriiger
935 1755 997 1792 Gr.

319 1799 374 1829 47.
402 1799 456 1839 28,
485 1800 515 1832 7.

366 1845 397 1875 3.
425 1844 800 1885 σχηματίζονται
825 1845 926 1879 recte
944 1844 996 1879 in-

319 1886 551 1928 terpretatur
597 1886 807 1922 Timaeus
849 1889 995 1941 Ἴβάοεε.

318 1941 355 1974 p.
381 1935 458 1965 245.
507 1934 809 1974 προσποιοῦνται
847 1949 868 1977 η
908 1946 994 1969 συν-

318 1972 534 2027 τάττονται.
561 1988 592 2010 v.
617 1977 776 2028 Pitaedr·
800 1990 837 2022 p.
862 1983 927 2013 255
952 1979 995 2013 A.

363 2024 396 2056 4.
437 2017 585 2065 ω’σπερ
627 2034 704 2061 ους
745 2022 993 2068 Πρωταγό-

318 2078 398 2106 ρας
439 2064 566 2109 ἔλεγε
603 2062 711 2106 τοὺς
749 2067 974 2110 σοφιστάς

318 2108 478 2143 Notetur
503 2110 678 2146 attractio
697 2111 865 2155 subiecti,
893 2124 967 2156 quo

317 2154 529 2197 pronomini
553 2154 710 2189 relativo
737 2158 993 2192 accommoda-

316 2199 396 2232 tum
424 2200 490 2233 est.
538 2199 686 2249 Etenim
711 2201 873 2245 vulgaris
898 2203 994 2237 ratio

318 2243 510 2287 exigebat:
560 2240 682 2289 ω’σπερ
731 2244 770 2280 οἵ
815 2249 999 2291 σοφισταί

318 2285 584 2338 (ἐξαρνοῦνται
602 2291 667 2324 καὶ
694 2293 992 2335 σχηματίζονται

315 2329 722 2423 ἐϊὲῗεῑςρῗζὲιὲηοξ
738 2336 993 2417 {swa

314 2391 400 2458 τότζ
424 2444 465 2448 -—
492 2421 585 2468 ἡμῖν
624 2423 729 2477 ἔσται
772 2418 817 2460 οὗ
857 2423 991 2462 ἐπιθυ-

314 2467 461 2512 μοῦμεν
505 2489 547 2493 -
587 2481 819 2512 φρονησεως.
869 2483 902 2509 v.
941 2473 987 2506 ad

314 2513 463 2558 apolog.
481 2525 517 2557 p.
535 2518 573 2548 41
592 2514 636 2548 A.
660 2514 862 2558 Perperam
890 2515 988 2551 Ste-

311 2559 487 2602 phanus
504 2557 591 2599 τοὺς
607 2559 804 2594 delendum
818 2561 987 2605 putabat.

312 2603 440 2640 Stallb.

357 2651 388 2684 8.
415 2645 461 2682 ἐν
488 2653 590 2689 ταῖς
615 2645 776 2684 πόλεσι
821 2650 885 2684 int.
904 2656 987 2693 ταῖς

312 2694 769 2738 δημοκρατουμέναις-,οὒ
826 2697 985 2740 enoph,

313 2737 444 2781 Cyrop.
467 2737 554 2772 VIII
572 2743 602 2772 2.
628 2743 682 2774 28.
713 2738 890 2774 Insanum
915 2741 985 2776 hoc

311 2782 474 2816 studium
511 2794 632 2818 mores
670 2784 984 2821 Lacedaemonio-

310 2838 391 2861 rum
428 2826 601 2862 imitandi
636 2829 784 2863 notavit
818 2830 982 2874 philoso-

1072 1354 1168 1409 phus
1195 1359 1308 1412 etiam}
1334 1359 1445 1405 Gorg.
1471 1374 1505 1406 p.
1533 1367 1598 1399 515
1615 1364 1657 1407 E,
1684 1365 1749 1401 ubi

1074 1413 1162 1441 τους
1199 1417 1243 1437 τα
1283 1418 1359 1439 ωτα
1397 1405 1635 1452 κατεαγότας
1671 1421 1747 1445 me—

1073 1447 1203 1481 morat.
1228 1448 1454 1485 Heindorf
1473 1452 1520 1486 ad
1539 1454 1654 1490 verba
1670 1450 1750 1490 ὦτά

1070 1490 1429 1574 ‘T‘hgg‘z‘z'svffl
1454 1500 1749 1580 ainamma

1293 1566 1299 1573 .
1509 1555 1516 1575 :
1667 1559 1706 1580 αι

1069 1581 1331 1626 τεθλαγμὲνος
1388 1584 1508 1621 οὔατα
1563 1558 1745 1633 nvssfioetg.

1069 1626 1272 1662 Praeterea
1285 1628 1330 1663 de
1345 1629 1401 1664 his
1415 1631 1594 1675 legendus
1609 1635 1637 1669 O
1647 1637 1686 1669 tt
1698 1637 1746 1673 fr.

1070 1670 1238 1706 Mfiller
1268 1673 1403 1710 Histor.
1431 1675 1606 1712 Gentium
1634 1676 1746 1715 Graess

1069 1726 1142 1750 car.
1169 1717 1200 1750 ΙΙ
1227 1721 1246 1750 2
1270 1729 1306 1762 p.
1333 1722 1353 1753 8
1371 1730 1450 1763 sqq.

1114 1765 1145 1796 9.
1185 1760 1385 1806 ἱμάντας
1416 1767 1517 1801 recte
1551 1767 1742 1804 Heindorf.

1067 1805 1255 1841 intellexit
1298 1811 1479 1845 caestus
1521 1811 1559 1848 h.
1593 1823 1623 1847 e.
1662 1814 1747 1849 lora

1068 1850 1226 1893 bubula,
1265 1853 1398 1896 quibus
1434 1866 1484 1899 pu
1515 1856 1581 1892 iles
1614 1869 1745 1893 manus

1066 1895 1285 1939 illigabant,
1334 1909 1406 1942 quo
1447 1912 1491 1935 ve
1521 1903 1744 1938 ementiores

1066 1940 1247 2017 &ferrent
1281 1942 1386 1979 ictus.
1422 1955 1454 1979 v.
1479 1944 1618 1990 Vergil.
1647 1949 1740 1986 Aen.

1112 2033 1164 2064 10.
1205 2031 1434 2075 βραχείας
1482 2032 1740 2084 ἀναβολὰς]

1064 2074 1099 2108 h.
1128 2085 1159 2111 e.
1186 2077 1387 2120 τρίβωνας,
1419 2089 1452 2115 V.
1479 2079 1526 2113 ad
1551 2092 1586 2124 p.
1612 2086 1678 2117 335
1695 2082 1740 2117 D.

1065 2119 1169 2177 Tbuc
1198 2121 1233 2155 d.
1260 2122 1276 2155 I
1301 2125 1332 2164 6,
1358 2126 1395 2174 ξε
1432 2127 1567 2177 μετρίᾳ
1601 2125 1740 2173 ἐσθῆτι

1064 2178 1129 2199 και
1171 2180 1198 2205 ις
1231 2178 1297 2200 τον
1329 2180 1401 2202 νυν
1434 2181 1574 2211 τροπον
1598 2174 1740 2214 πρῶτοι

1063 2206 1365 2254 Λακεδαιμόνιοι
1380 2210 1599 2257 ἐχρήσαντο,
1608 2217 1738 2260 Iidem,

1064 2256 1105 2288 ut
1129 2257 1260 2290 narrat
1284 2256 1505 2293 Plutarchus
1530 2259 1618 2304 Lyc.
1636 2273 1666 2297 c.
1687 2268 1737 2305 16,

1063 2299 1110 2334 ab
1138 2301 1273 2335 aetatis
1291 2312 1388 2336 anno
1403 2302 1622 2340 duodecimo
1641 2305 1738 2343 ἄνευ

1062 2348 1220 2388 χιτῶνος
1262 2346 1461 2383 διετέλουν
1499 2348 1542 2384 ἓν
1583 2349 1737 2395 ἴμοὲτιον

1063 2389 1117 2428 εἰς
1148 2389 1215 2425 τὸν
1255 2389 1433 2428 ἐνιαυτὸν
1465 2393 1734 2439 λαμβάνοντες.

1062 2434 1163 2470 Conf.
1173 2435 1369 2481 (Xenoph.)
1381 2437 1425 2472 de
1434 2449 1511 2483 rep.
1520 2439 1694 2477 Laced.II
1703 2448 1723 2478 4
1734 2469 1744 2477 .

1109 2484 1159 2517 11.
1192 2477 1247 2521 ὡς
1281 2479 1334 2525 δὴ
1360 2480 1479 2519 τούτ.
1505 2489 1734 2527 κρατοῦν-

1059 2525 1156 2570 τας]
1189 2526 1321 2569 quasi
1357 2537 1463 2562 vero
1499 2529 1566 2564 his
1602 2543 1734 2576 supe*

1059 2572 1172 2608 rent.
1198 2570 1274 2615 δή,
1300 2571 1340 2605 ut
1362 2582 1490 2617 saepe,
1516 2585 1597 2608 cum
1615 2576 1734 2611 ironia

1059 2614 1211 2651 dictum.
1245 2616 1299 2650 De
1325 2618 1535 2653 accusativo
1561 2620 1734 2657 absoluto

1057 2659 1254 2704 v.Kr1‘iger
1272 2660 1332 2695 Gr.
1352 2665 1406 2698 56.
1433 2666 1466 2706 9,
1493 2668 1535 2699 10
1559 2665 1597 2699 et
1620 2665 1731 2701 Stall-

1060 2708 1167 2739 baum
1194 2705 1240 2739 ad
1265 2705 1451 2741 Phaedon.
1479 2719 1515 2751 p.
1537 2712 1599 2744 109
1614 2710 1656 2745 D.
1684 2711 1730 2746 de

1189 2755 1194 2764 Δ
1342 2755 1358 2775 ι)

1053 2760 1166 2828 ἷῖἕέέ)
1170 2749 1478 2844 ᾖξὶξὴῑζ“ἒεῗῑὸέ
1483 2753 1630 2843 ἳῗιῗιζῑιῖ
1637 2756 1729 2844 531}

1052 2849 1128 2881 nor,
1145 2840 1364 2875 Aristoteles
1385 2841 1458 2884 pol.
1474 2841 1559 2877 VIlI
1577 2850 1613 2879 4:
1640 2844 1729 2886 τούς
