1907 3230
70 896 102 921 10

68 1232 100 1258 15

551 176 882 213 PROTAGORAS.
920 177 961 212 P.
986 181 1048 213 361
1076 177 1141 215 ST.
1466 180 1542 222 187

128 274 185 318 ἄν
222 278 360 318 ταῦτα
399 277 711 328 διεξελθόντας
739 275 853 333 ἡμᾶς
884 279 1086 329 ἐξελθεῖν
1117 280 1190 320 καὶ
1223 278 1296 320 ἐπὶ
1325 278 1407 333 τὴν
1437 279 1542 334 ἄρε-

127 343 208 398 τὴν
241 342 266 384 ὅ
294 359 335 384 τι
368 343 477 399 ἐστι’,
509 345 582 387 καὶ
612 344 748 386 πάλιν
780 345 1104 395 ἐπισκέψασθαι
1135 345 1236 399 περὶ
1266 345 1422 400 αὐτοῦ,
1456 350 1541 389 εἴτε

127 410 340 453 διδακτὸν
371 415 457 454 εἴτε
487 411 544 467 μή
578 410 804 465 διδακτόν,
835 410 894 467 μὴ
925 412 1140 462 πολλάκις
1159 410 1272 467 ἡμᾶς
1302 411 1325 454 ὁ
1352 412 1534 468 Ἐπιμη-
1561 426 1592 460 D

125 476 236 527 θεύς
258 477 428 528 ἐκεῖνος
447 479 521 519 καὶ
543 479 592 520 έν
620 482 674 533 τῇ
706 479 858 530 σκέψει
889 478 1039 535 σφήλη
1073 478 1359 535 ἐξαπατήσας,
1391 479 1541 535 ὥσπερ

128 547 202 586 καὶ
234 545 282 587 ἐν
312 547 366 600 τῇ
397 547 588 600 διανομῇ
617 544 840 601 ἠμέλησεν
872 544 1012 601 ἡμῶν,
1045 544 1103 596 ὠς
1134 545 1222 602 φῂς
1253 547 1323 589 σύ.
1381 546 1542 602 ἤρεσεν

126 604 209 653 οὖν
253 628 327 666 μοι
373 611 447 654 καὶ
491 611 540 654 ἐν
584 615 645 668 τῷ
692 614 823 669 μύθῳ
869 613 891 655 ὁ
930 612 1202 668 Προμηθεύς
1244 616 1416 668 μᾶλλον
1460 618 1541 657 τοῦ

120 677 410 733 Ἐπιμηθέως
450 679 483 734 ᾧ
529 695 756 734 χρωμενος
793 680 879 734 ἐγώ
917 696 991 722 και
1022 683 1397 736 προμηθούμενος
1427 680 1539 736 ὑπερ

123 749 204 788 τοῦ
243 748 347 800 βίου
384 749 465 789 τοῦ
504 747 702 800 ἐμαυτοῦ
740 747 906 797 παντὸς
956 748 1099 790 πάντα
1145 749 1286 790 ταῦτα
1334 764 1536 804 πραγμα-

123 813 307 868 τεύομαι
337 816 426 866 καί,
460 815 500 855 ει’
528 814 584 856 σύ
616 813 804 869 ἐθέλοις,
837 813 946 870 ὅπερ
977 815 1050 856 καὶ
1081 814 1174 857 κατ’
1209 814 1347 870 ἀρχὰς
1368 818 1538 871 ἔλεγον,

123 880 233 934 μετὰ
265 883 349 922 σοῦ
369 877 425 922 ἂν
443 880 602 935 ἥδιστα
622 885 761 924 ταῦτα
782 883 1176 938 συνδιασκοποίην.
1221 883 1310 924 Καὶ
1332 882 1354 925 ὁ
1377 887 1537 938 Πρωτ-

123 946 307 1001 αγόρας,
343 946 450 1002 Ἐγώ
490 949 586 1003 μέν,
625 951 734 1004 ἔφη,
774 944 810 991 ὦ
842 950 1101 1004 Σώκρατες,
1142 949 1311 992 ἐπαινῶ
1343 963 1427 992 σου
1457 949 1539 1005 τὴν

122 1017 384 1069 προθυμίαν
422 1014 496 1057 καὶ
533 1015 616 1070 τὴν
646 1017 846 1067 διέξοδον
876 1019 966 1059 τῶν
996 1018 1156 1071 λόγων.
1217 1018 1291 1059 καὶ
1320 1017 1405 1074 γὰρ
1436 1017 1537 1061 οὔτε

122 1075 262 1122 τᾶλλα
293 1079 414 1137 οἶμαι
445 1081 581 1132 κακὸς
612 1081 727 1126 εἶναι
758 1083 1022 1139 ἄνθρωπος,
1056 1084 1285 1140 φθονερός
1313 1101 1360 1127 τε
1389 1084 1535 1141 ἡηκιστ

122 1148 402 1202 ἀνθρώπων·
436 1148 530 1192 ἐπεὶ
560 1152 634 1192 και
664 1167 766 1206 περι
798 1155 882 1193 σοῦ
914 1151 1025 1207 πρὸς
1054 1150 1249 1200 πολλοὺς
1279 1152 1333 1207 δὴ
1367 1157 1536 1208 εἰρηκα,

124 1214 190 1257 ὅτι
229 1216 294 1257 ὠν
334 1217 590 1271 ἐντυχγάνω
630 1216 747 1260 πολύ
787 1219 980 1273 μάλιστα
1019 1219 1186 1298 ἄγαμαι
1223 1220 1294 1274 σε’,
1334 1224 1425 1262 τῶν
1455 1221 1537 1275 μὲν

119 1283 397 1338 τηλικούτων
434 1286 507 1326 και
542 1286 685 1327 πάνυ·
737 1287 811 1328 καὶ
850 1286 962 1340 λέγω
999 1302 1049 1341 γε
1096 1286 1164 1328 ὅτι
1201 1285 1285 1329 οὐκ
1324 1284 1381 1329 οὲν
1417 1293 1536 1330 θαυ-

118 1351 314 1406 μάζοιμι,
360 1353 401 1393 εἰ
435 1355 526 1394 τῶν
565 1353 812 1407 ἐλλογίμων
857 1355 1006 1407 γένοιο
1050 1353 1231 1408 ἀνδρῶν
1277 1354 1349 1396 έπὶ
1386 1357 1536 1411 σοφίᾳ.

234 1490 262 1520 1.
297 1483 513 1530 ἐξελθεῖν
546 1489 757 1531 suspectum
783 1490 855 1530 est;
891 1487 929 1523 in
955 1489 983 1523 T
1010 1490 1236 1524 memoratur
1263 1489 1374 1524 lectio
1400 1487 1535 1525 ἐλθεῖν

118 1541 214 1575 quae
245 1531 400 1566 fortasse
431 1543 542 1567 causa
572 1532 642 1567 fuit
701 1515 958 1578 raepositionis
983 1532 1051 1568 ἐπί
1072 1534 1303 1576 inserendae
1329 1545 1425 1577 quae
1449 1535 1481 1569 h.
1509 1535 1533 1569 1.

118 1586 345 1619 magnopere
370 1577 525 1612 molesta
550 1578 614 1611 est.
663 1544 906 1613 gcribendum
931 1579 1091 1634 videtur,
1103 1581 1280 1614 διελθεῖν
1305 1579 1365 1613 vel
1390 1581 1533 1623 διεξελ-

117 1623 208 1655 θεῖν
240 1621 305 1655 καὶ
337 1618 409 1665 τήν
440 1618 580 1666 ἀρετὴν
606 1619 681 1658 urg.
752 1624 829 1658 καὶ
863 1621 936 1658 ἐπὶ
962 1623 1044 1668 τὴν
1071 1619 1243 1669 σἰρετην
1267 1623 1353 1658 ΒΤ.
1379 1627 1448 1659 καί
1469 1631 1533 1660 ab·

118 1665 207 1700 iecit
241 1665 389 1700 Bekker
423 1667 606 1711 probante
637 1668 753 1705 Astio.
802 1668 875 1703 Sed
912 1668 1099 1710 Socrates,
1136 1671 1401 1719 praeterquam
1434 1670 1534 1713 quod

117 1709 201 1751 illa,
235 1709 280 1744 de
313 1711 447 1753 quibus
473 1714 553 1746 erat
577 1710 826 1756 disputatum,
852 1713 931 1748 vult
956 1697 1152 1748 dilucidius
1176 1714 1370 1758 explicari,
1398 1716 1534 1750 etiam

118 1755 282 1836 νὶιιιίετ
291 1757 464 1834 nzturam
496 1756 644 1835 vilr3tutis
676 1757 714 1791 in
745 1758 946 1793 illustriore
971 1757 1053 1793 luce
1079 1759 1292 1802 ponendam
1317 1759 1534 1795 arbitratur

117 1804 136 1834 9
174 1812 189 1834 ε
238 1797 289 1836 σὺ
389 1802 428 1836 εἶ’
448 1813 505 1836 σοι

167 1929 198 1957 3.
242 1922 299 1968 μὴ
341 1924 566 1965 πολλάκις
607 1923 725 1970 ἡμᾶς
767 1922 786 1962 ὁ

113 1966 239 2012 Ἐπιμ
243 1969 379 2013 .]nes
359 1969 787 2014 fwteEpimetheus

114 2013 194 2048 ille
218 2015 286 2048 etc.
312 2012 368 2049 De
388 2014 530 2065 republ.
546 2014 596 2048 IV
612 2027 648 2060 p.
662 2020 727 2050 424
743 2016 786 2051 C:

116 2057 165 2103 μὴ
206 2056 389 2101 πολλάκις
429 2072 494 2094 τον
531 2058 695 2105 ποιητήν
731 2076 788 2102 τις

115 2105 253 2155 οἴηται
270 2104 407 2156 λέγειν.
437 2103 786 2149 Ibid.1Xp.584B.

115 2150 182 2183 ἵνα
206 2146 257 2193 μὴ
285 2145 467 2188 πολλάκις
493 2117 651 2204 οἰηθῇς.
696 2151 785 2186 crit.

903 1931 934 1961 9.
975 1939 1084 1970 οπερ
1125 1927 1202 1961 καὶ
1244 1924 1339 1962 κατ’
1392 1926 1532 1974 ἀρχὰς

859 1970 1034 2016 ἔλεγον]
1063 1982 1100 2025 p.
1126 1975 1190 2007 348
1216 1971 1252 2007 C.
1270 1972 1315 2007 D.

904 2021 956 2050 14.
994 2029 1106 2059 προς
1144 2015 1343 2058 πολλους
1378 2017 1432 2062 δὴ
1467 2020 1530 2054 εἷ’-

857 2062 1106 2112 ρηκαἩιειιιι
1125 2062 1262 2096 etlam
1281 2063 1331 2097 de
1357 2065 1400 2098 te
1418 2064 1529 2098 mul

856 2106 915 2141 tis
931 2117 1020 2140 zam
1036 2108 1267 2151 professus
1284 2119 1387 2141 sum
1413 2108 1530 2144 Phae-

857 2152 940 2186 don.
949 2163 1001 2205 p.
1026 2156 1069 2186 68
1094 2153 1143 2186 A.
1179 2153 1312 2187 πολλοὶ
1345 2150 1392 2198 δὴ
1427 2150 1531 2189 ἑκόν-

115 2205 150 2238 p.
182 2198 242 2228 113
268 2195 317 2227 Α.
343 2191 394 2238 μὴ
422 2192 602 2235 πολλάκις
629 2192 789 2232 οἶκούον·

114 2251 177 2279 τες
202 2258 244 2263 -
238 2237 509 2296 ηιθαυμοὶσητε.
536 2240 667 2276 Stazlb.

160 2289 190 2320 4.
228 2277 375 2327 ὥσπερ
411 2297 487 2318 και
525 2282 572 2319 ἐν
603 2288 652 2330 τῇ
687 2287 787 2320 ὃια-

115 2329 252 2374 νομῇ]
271 2328 481 2374 Respicitur
495 2329 548 2364 ad
561 2340 597 2380 p.
611 2335 674 2365 321
691 2330 729 2365 C.
742 2331 785 2366 D.

115 2365 253 2410 Partiffc
278 2376 355 2415 καί,
381 2375 423 2408 ut
447 2374 554 2416 solet,
579 2386 615 2408 ιιι
642 2386 788 2420 compa-

116 2418 259 2453 ratione
278 2419 438 2472 repetita
456 2421 522 2460 est,
547 2431 580 2453 V.
598 2419 786 2458 Phaedon.

114 2475 161 2515 p.
169 2463 270 2497 76Ε·
290 2461 410 2508 ὥσπερ
437 2477 502 2498 και
530 2467 651 2499 ταῦτα
670 2465 785 2508 ἔστιν,

116 2522 234 2548 ουτως
259 2509 325 2543 καὶ
350 2509 419 2553 τὴν
444 2506 632 2553 ἡμετέραν
656 2518 762 2555 ψυχη
767 2525 787 2545 ν

116 2552 227 2589 εἶναι.
284 2553 398 2589 Plura
431 2553 536 2588 dedit
565 2525 787 2592 Stallbaum.

114 2599 162 2633 ad
188 2598 301 2654 Gorg
327 2610 363 2643 p.
387 2602 453 2634 457
478 2599 517 2633 Ε.

166 2647 195 2678 7.
235 2657 264 2690 ῳ
310 2643 544 2688 χρώμενος
585 2641 667 2688 ἐγώ
710 2645 787 2680 καὶ

113 2680 787 2741 upon.]illumqueamplectens

115 2743 197 2783 ego
223 2737 266 2768 et
290 2734 379 2769 toti
398 2734 521 2768 vitae
539 2746 660 2770 meae
684 2745 786 2780 pro-

114 2777 335 2821 spiciens,
367 2778 478 2813 haec
509 2779 658 2814 omnia
683 2791 784 2825 ago,

114 2823 157 2856 cf.
186 2833 221 2866 p.
248 2827 313 2858 316
338 2823 382 2859 C:
425 2820 549 2867 ὀρθῶς
589 2827 791 2869 προμηθεῖ

114 2865 207 2910 ὑπὲρ
233 2866 335 2911 ἐμοῦ.

857 2209 957 2239 τεςη
949 2193 1061 2241 ’θὲλη
1067 2209 1135 2231 σαν
1163 2196 1218 2238 εἰς
1235 2192 1362 2232 ’Ἅιδου
1372 2168 1531 2234 ηέλθεῖν.

857 2240 951 2275 Ibid.
989 2253 1011 2275 ).
1039 2246 1102 2277 108
1128 2242 1176 2276 D:
1208 2239 1330 2276 πολλὰ
1363 2240 1412 2288 δὴ
1439 2241 1531 2289 οέκή-

857 2298 941 2320 κοα.
966 2253 1176 2340 >len0ph
1193 2286 1444 2331 Cy.rop1V2,
1469 2294 1528 2324 25:

857 2325 875 2365 ὃ
917 2333 1072 2371 πολλοῖς
1114 2330 1163 2376 δὴ
1206 2299 1455 2385 συμβεβηκός
1486 2355 1529 2359 -

857 2374 944 2410 τῶν
993 2389 1078 2420 μεν
1118 2375 1409 2421 τηλικουτων
1449 2380 1528 2414 καὶ

856 2418 987 2455 ποὶνυ
1043 2420 1234 2456 Socratem
1272 2423 1393 2458 adhue
1428 2424 1528 2459 iuve—

856 2476 942 2500 nem
967 2465 1004 2499 in
1030 2465 1099 2500 hoc
1123 2467 1218 2501 libro
1242 2467 1483 2510 loquentem'
1474 2480 1529 2502 m-

857 2510 942 2544 duci
973 2513 1131 2555 apparet
1163 2523 1208 2546 ex
1239 2523 1274 2556 p.
1302 2517 1367 2547 314
1390 2513 1431 2555 B,
1465 2513 1529 2548 ubi

856 2555 934 2610 ipse
983 2556 1030 2590 ad
1072 2556 1356 2609 Hippocratem.
1406 2559 1528 2593 ταῦτα

858 2595 925 2635 οὖν
957 2601 1189 2656 σκοπώμεθα
1220 2603 1285 2637 καὶ
1322 2601 1419 2658 μετὰ
1455 2604 1529 2638 τῶν

856 2643 1118 2701 πρεσβυτέρων
1156 2644 1280 2690 ἡμῶν·
1314 2645 1428 2693 ἡμεῖς
1453 2647 1526 2693 γάρ

858 2688 912 2725 ε’τι
938 2687 1029 2727 νέοι.
1055 2691 1183 2727 Stallb.

903 2740 954 2773 17.
989 2736 1030 2772 εἰ
1061 2738 1146 2771 τῶν
1173 2734 1430 2788 ἐλλογίμων
1454 2737 1524 2783 γέ-

855 2781 972 2826 νοιο]
998 2781 1063 2816 His
1088 2783 1296 2826 comparari
1313 2785 1466 2827 possunt
1482 2795 1526 2818 ea

855 2836 951 2868 quae
977 2827 1023 2861 de
1048 2827 1209 2862 Isocrate
1235 2829 1450 2882 auguratur
1463 2828 1525 2863 So-

855 2872 973 2906 crates
999 2871 1155 2907 Phaedr.
1182 2883 1218 2917 p.
1241 2874 1372 2908 279A2
1407 2871 1524 2909 ουὸὲν
