1907 3230
57 897 89 923 10

58 1232 90 1258 15

58 1567 90 1592 20

526 175 858 212 PROTAGORAS.
889 175 929 213 P.
955 179 1021 211 355
1045 175 1110 213 ST.
1448 176 1526 218 173

111 293 204 320 τειν
234 272 316 318 οὐκ
348 276 495 319 ἐθέλει
526 275 599 318 διὰ
629 276 706 326 τὰς
736 278 1002 331 παραχρῆμα
1032 273 1211 330 ἡδονάς,
1243 273 1333 317 ὑπὸ
1355 277 1528 317 τούτων

109 343 377 399 ἡττώμενος.

223 410 327 465 Cap.
360 410 583 453 XXXVII.
631 408 706 458 Ὡς
745 410 793 452 δὲ
831 412 970 450 ταῦτα
999 409 1151 462 γελοῖά
1183 409 1299 461 ἐστι,
1333 408 1527 464 κατάδη-

112 480 193 519 λον
223 479 368 531 ἔσται,
409 476 490 518 ἐὰν
520 476 578 531 μὴ
609 479 791 525 πολλοῖς
821 475 1008 530 ὀνόμασι
1037 474 1249 530 χρώμεθα
1280 474 1391 530 ἅμα,
1430 474 1534 530 ἡδεῖ

110 559 157 586 τε
196 544 269 585 καὶ
308 543 480 599 οἷνιαρῷ
518 542 591 584 καὶ
630 541 788 599 ἀγαθῷ
826 543 900 584 καὶ
939 545 1084 599 κακῷ,
1125 541 1224 583 ἀλλ’
1260 541 1411 597 ἐπειδὴ
1444 543 1529 585 δύο

111 610 256 666 ἐφάνη
288 613 440 663 ταῦτα,
474 610 606 651 δυοῖν
637 611 710 651 καὶ
742 608 931 663 ὀνόμασι
962 610 1370 664 προσαγορεύωμεν
1401 608 1528 663 αὐτά,

109 679 290 732 πρῶτον
328 678 410 732 μὲν
447 676 605 732 ἀγαθῷ
635 677 707 718 καὶ
739 680 877 732 κακῷ,
910 675 1046 718 ἔπειτ’
1088 669 1223 726 αὖθις
1251 675 1354 730 ἡδεῖ
1379 693 1425 718 τε
1456 676 1530 718 καὶ

110 742 292 800 ἄνιαρῷ.
353 745 536 798 θέμενοι
573 739 626 797 δὴ
667 743 784 786 οὕτω
826 745 1049 798 λέγωμεν,
1099 743 1165 785 ὅτι
1201 742 1466 797 γιγνώσκων
1505 742 1528 786 ὁ
1554 752 1580 788 C

109 809 351 864 ἅνθρωπος
392 811 445 852 τὰ
489 808 604 852 κακοὶ
651 810 716 853 ὅτι
754 813 870 853 κακοί
909 812 1043 864 ἐστιν,
1090 809 1207 863 ὅμως
1250 809 1362 852 αὐτὰ
1400 818 1529 853 ποιεῖ.

113 878 196 920 ἐὰν
233 872 319 919 οὖν
355 894 419 927 τις
454 875 569 931 ἡμᾶς
609 879 761 932 ἔρηται
800 876 874 920 διὰ
910 880 975 931 τί,
1017 876 1271 932 ἡττώμενος
1310 877 1528 932 φήσομεν.

108 942 197 986 ὑπὸ
227 947 327 993 το·ῦ;
371 944 543 993 ἐκεῖνος
575 944 780 999 ἐρήσεται
809 942 942 999 ἡμᾶς·
976 942 1082 999 ἡμῖν
1113 944 1162 987 δὲ
1193 943 1282 986 ὑπὸ
1312 945 1395 998 μὲν
1426 944 1527 999 ἡδο-

109 1011 188 1065 νῆς
219 1010 367 1054 οὐκέτι
397 1012 566 1062 ἔξεστιν
605 1013 768 1054 εἰπεῖν·
812 1011 922 1053 ἄλλο
961 1010 1046 1065 γὰρ
1087 1009 1226 1065 ὄνομα
1263 1013 1531 1066 μετείληφεν

112 1076 213 1120 οἷντὶ
249 1081 326 1133 τῆς
361 1076 528 1133 ἡδονῆς
565 1079 614 1120 τὸ
651 1077 841 1133 ἀγαθόν.
905 1079 1062 1134 ἐκείνῳ
1094 1076 1148 1133 δὴ
1179 1077 1529 1133 ἀποκρινώμεθα

111 1144 184 1186 καὶ
215 1146 425 1200 λε’,γωμεν
465 1145 531 1188 ὅτι
560 1145 812 1201 ἡττώμενος
841 1172 895 1177 -
926 1144 1014 1187 ὑπὸ
1045 1148 1185 1195 τίνος;
1225 1145 1385 1199 φήσει·
1446 1149 1527 1188 τοῦ

113 1211 315 1266 ἀγαθοῦ,
362 1214 565 1267 φήσομεν
607 1212 662 1267 νὴ
701 1216 804 1254 Δία.
867 1210 923 1254 ἂν
968 1207 1053 1254 οὖν
1093 1213 1204 1268 τύχη
1251 1211 1274 1255 ὁ
1319 1212 1531 1267 ἐρόμενος

109 1277 225 1333 ἡμᾶς
254 1277 466 1334 ὑβριστὴς
496 1281 578 1333 cliv,
609 1281 845 1334 γελάσεται
876 1282 950 1321 καὶ
980 1279 1092 1333 ε’ρεῖ·
1132 1276 1163 1335 ἦ
1182 1284 1360 1334 γελοῖον
1383 1281 1530 1333 λέγετε

110 1349 305 1400 πρᾶγμα,
339 1348 379 1388 εἰ
405 1348 590 1402 πράττει
620 1363 684 1396 τις
714 1346 829 1389 κακὰ
848 1347 1127 1401 γιγνώσκων,
1160 1346 1228 1390 ὅτι
1250 1347 1364 1389 κακά
1387 1348 1525 1401 ἐστιν,
1551 1357 1582 1392 D

111 1410 165 1454 οὐ
203 1413 308 1455 δέον
346 1412 486 1455 αὐτὸν
525 1414 753 1469 πράττειν,
790 1413 1042 1469 ἡττώμενος
1078 1413 1166 1457 ὑπὸ
1206 1417 1296 1456 τών
1327 1413 1528 1467 ἀγαθῶν.

114 1474 225 1534 ἆρα,
257 1480 409 1534 φήσει,
441 1479 524 1523 οὐκ
557 1479 695 1531 ἀξίων
731 1480 879 1524 ὄντων
909 1483 1044 1523 νικᾶν
1076 1483 1127 1524 ἐν
1157 1480 1265 1535 ὑμῖν
1295 1484 1386 1523 τῶν
1416 1478 1530 1535 αγα-

113 1548 214 1588 θῶν
251 1545 303 1588 τὰ
342 1546 457 1589 κακὰ
492 1544 522 1602 ἦ
558 1547 716 1599 ἄξίων;
757 1548 963 1603 φήσομεν
1003 1549 1143 1604 δῆλον
1184 1547 1252 1590 ὅτι
1280 1547 1530 1603 ἀποκρινό-

224 1685 258 1716 4.
293 1676 383 1725 ἅμα
415 1691 508 1715 corr.
541 1682 579 1716 in
610 1683 827 1727 apographo
860 1683 1007 1718 Coislin.
1035 1686 1098 1718 155
1130 1683 1236 1726 p.rob
1263 1683 1390 1719 Cobet
1443 1682 1531 1716 Vul-

111 1736 240 1769 garem
279 1729 317 1761 et
353 1738 390 1760 m
427 1726 494 1779 BT
531 1729 740 1762 exstantem
778 1727 976 1762 lectionem
1014 1725 1088 1771 ἄρα
1131 1727 1302 1762 defendit
1337 1727 1531 1762 Heindorf.

110 1774 142 1807 6.
179 1769 601 1828 προσαγορεύωμεν
632 1772 678 1806 Β;
716 1785 1048 1826 προσαγορευομεν
1073 1772 1112 1810 Τ,
1190 1775 1221 1807 8.
1250 1771 1456 1826 λέγωμεν
1482 1771 1530 1806 T:

112 1814 271 1859 λέγομεν
297 1815 336 1852 B.
412 1820 464 1851 11.
490 1814 777 1860 ἐρήσεταιΤ;
808 1816 1057 1861 εἰρήσεταιΒ.
1131 1821 1181 1854 14.
1209 1815 1350 1862 φήσει
1375 1817 1532 1860 praebet

110 1871 226 1894 unum
251 1860 508 1905 apographum
538 1861 721 1896 Venetum
749 1866 828 1897 189:
857 1863 953 1906 φησί
976 1861 1055 1899 ΒΤ

111 1970 153 2007 δὲ
179 1972 301 2006 ταῦτα
318 1970 452 2015 γελοῖοί
470 1970 559 2015 ἐστι,
587 1973 787 2017 κατάδηλα

111 2015 217 2052 ἔσται
242 2015 318 2051 κτέ.
342 2016 414 2054 vid.
442 2017 489 2051 ad
513 2029 549 2062 p.
575 2018 683 2052 325ss
702 2030 784 2052 ann.

155 2076 187 2106 4.
241 2069 320 2124 εὀὲν
368 2069 424 2116 μὴ
475 2092 516 2098 —
565 2072 786 2118 χρώμεθα

112 2114 221 2167 ἅμα]

856 1973 1076 2008 insolentiae
1101 1973 1287 2008 docebunt
1303 1983 1399 2016 quae
1418 1983 1529 2007 anno-

856 2019 1018 2052 tavimus
1031 2018 1079 2052 ad
1094 2019 1205 2072 Gorg.
1221 2030 1266 2073 μ’
1271 2018 1383 2071 449E
1402 2017 1528 2052 Stallb.

904 2067 954 2098 18.
988 2059 1039 2097 οὗ
1072 2061 1180 2098 δέον
1213 2059 1355 2098 αὐτόν
1388 2060 1530 2106 προέτ-

856 2108 967 2152 τειν]
1008 2118 1121 2150 quum
1158 2108 1258 2142 mala
1286 2108 1409 2142 facere
1447 2118 1531 2141 eum

856 2163 930 2187 non
956 2154 1138 2197 oporteat
1159 2173 1198 2177 —
1218 2153 1298 2187 Huc
1324 2152 1457 2187 deinde
1476 2163 1531 2187 le-

855 2198 1026 2250 feruntur
1065 2197 1181 2232 verba
1213 2193 1257 2232 οὐ
1289 2195 1361 2242 γὰρ
1393 2211 1442 2231 αν
1474 2194 1532 2240 ἐξ·

268 2130 344 2160 αρα
394 2118 465 2151 etsi
507 2129 787 2162 nonnumquam

110 2173 147 2195 m
186 2161 257 2196 fine
297 2161 458 2206 positum
493 2162 699 2206 invenitur,
741 2166 785 2198 cf.

111 2206 297 2241 Heindorf
318 2206 366 2240 ad
392 2206 552 2251 Gor-gp
557 2208 703 2250 519Β,
729 2209 783 2243 ta-

111 2262 196 2286 men
236 2252 445 2286 sententiae
486 2219 607 2286 mipnus
655 2254 783 2297 aptum

112 2297 183 2337 est·
211 2295 379 2331 Socrates
405 2296 503 2331 enim
528 2307 601 2331 non
627 2297 785 2342 amplius

112 2340 239 2375 multis
256 2341 466 2375 nominibus
480 2342 600 2384 simul,
618 2342 682 2377 sed
697 2343 785 2376 duo-

112 2385 180 2420 bus
205 2387 351 2420 tantum
379 2386 432 2420 uti
458 2386 549 2423 vult,

160 2452 210 2481 10.
244 2444 518 2502 ἡττώμενος
560 2446 784 2493 φήσομεν]

112 2491 156 2526 Η.
184 2503 214 2526 e.
241 2489 299 2526 ὅτι
325 2494 501 2536 ἡττᾶται,

160 2558 212 2587 14.
246 2553 323 2587 καὶ
351 2553 575 2605 λέγωμεν,
609 2551 677 2588 ὅτι
711 2553 786 2598 ἡτ-

112 2597 200 2641 τώμ
213 2598 328 2642 ενος]
348 2598 474 2633 Solum
492 2608 706 2643 ηττωμενος
721 2601 788 2634 ite-

114 2653 196 2677 rum
222 2643 329 2687 ponit
352 2646 563 2687 propterea,
591 2644 689 2687 quod
707 2655 789 2687 per-

114 2687 239 2730 spicue
265 2688 344 2722 vult
369 2688 500 2742 docere
524 2700 657 2742 parum
689 2691 788 2724 recte

114 2741 330 2785 responsum
373 2733 420 2767 iri
460 2730 673 2788 ἡττώμενος
714 2731 787 2777 ὑφ

114 2773 272 2821 ἡδονῆς.
310 2777 398 2812 Mox
424 2780 509 2813 ante
535 2779 602 2814 τοῦ
630 2776 786 2833 ἀγαθοῦ

115 2831 134 2854 e
159 2821 410 2865 superioribus
436 2823 680 2874 repetendum
701 2822 787 2859 ὑπό.

116 2864 357 2901 omissionem
394 2868 489 2902 hanc
525 2868 616 2903 nihil
647 2868 785 2903 habere

854 2240 1059 2297 ημοῖρτανε.

902 2291 951 2320 19.
986 2283 1032 2321 ἐν
1065 2283 1190 2331 ὑμῖν]
1225 2286 1260 2320 si
1285 2297 1427 2330 penes
1452 2297 1530 2320 vos

854 2331 1078 2365 iudicium
1120 2334 1199 2367 est.
1248 2332 1293 2365 cf.
1334 2331 1530 2375 Amphidis

855 2376 970 2410 verba
994 2386 1039 2419 ap
1044 2376 1092 2410 ud
1120 2376 1349 2410 Athenaeum
1375 2375 1463 2410 VIII
1489 2387 1525 2429 p.

857 2421 961 2456 3360
990 2420 1341 2477 (Meineke111309)
1367 2418 1531 2464 μάταιός

858 2462 958 2500 ἐσϊιν
992 2465 1032 2501 ἐν
1063 2465 1100 2510 γ’
1135 2463 1217 2517 ’ἐμοὶ
1249 2479 1314 2499 καί
1353 2479 1432 2505 τοις
1470 2476 1529 2499 60·

859 2515 949 2554 φοῖς
988 2515 1134 2553 κριταῖς
1165 2507 1326 2565 ἅπασιν,
1366 2511 1530 2561 itemque

858 2565 970 2599 supra
993 2567 1029 2600 p
1057 2560 1121 2591 337
1140 2554 1187 2588 B:
1214 2552 1255 2590 ἐν
1281 2552 1375 2599 ἡμῖν
1404 2575 1442 2579 -
1471 2549 1532 2588 εὗ-

859 2601 1056 2655 δοκιμοῖτε
1083 2605 1121 2634 et
1145 2599 1256 2644 Gorg
1282 2611 1318 2643 p.
1334 2603 1401 2634 464
1418 2598 1467 2632 D:
1497 2597 1533 2633 εἰ

859 2643 942 2679 δέοι
990 2642 1032 2680 ἐν
1080 2647 1189 2679 παισὶ
1231 2645 1531 2697 διαγωνίζεσθαι

857 2687 1048 2731 ὀψοποιόν
1074 2703 1113 2725 τε
1146 2690 1210 2724 καὶ
1237 2689 1321 2733 ἰατρ
1326 2688 1379 2724 όν.
1426 2688 1530 2723 Haec

857 2734 972 2778 igitur
985 2735 1156 2770 Socrates
1173 2735 1278 2769 dicit.
1305 2735 1450 2776 suntne,
1476 2735 1530 2768 in-

857 2779 979 2823 quiet,
1014 2781 1137 2814 vestro
1172 2779 1307 2814 iudicio
1343 2779 1442 2813 bona
1479 2779 1531 2813 in-
1563 2789 1572 2797 ·

857 2824 971 2868 digna
1010 2835 1054 2859 an
1092 2824 1223 2870 digna,
1262 2823 1397 2867 quibus
1433 2824 1532 2858 mala

859 2871 1077 2913 superentur
1087 2873 1102 2902 ἱ)
