1907 3230
135 883 166 908 10

140 1219 170 1244 15

598 157 933 196 PROTAGORAS.
959 158 997 195 P.
1022 161 1087 192 312
1113 156 1177 192 ST.

1550 157 1602 198 51

186 266 260 308 καὶ
290 263 557 318 κιθαριστοῦ
586 260 660 304 καὶ
692 260 1004 313 παιδοτρίβου;
1036 256 1207 300 τούτων
1227 254 1313 311 γάρ
1336 254 1391 298 σύ
1413 255 1603 310 ἑκάστην

185 331 268 375 οὐκ
301 331 373 374 ε’πὶ
403 332 532 386 τέχνῃ
559 331 736 382 ἔμαθες,
770 324 828 375 ὡς
848 324 1118 380 δημιουργὸς
1142 325 1367 379 ἐσόμενος,
1400 321 1502 364 ἀλλ’
1534 323 1602 363 ἐπὶ

185 399 379 453 παιδείᾳ,
413 396 472 446 ὠς
492 396 570 439 τὸν
592 395 775 449 ἰδιώτην
796 394 869 434 καὶ
890 392 968 434 τόν
990 392 1236 446 ἐλεύθερον
1263 391 1432 444 πρέπει.
1469 389 1602 431 Πάνυ

185 467 268 522 μὲν
307 460 391 508 οὖν
428 481 500 519 μοι
538 465 682 516 δοκεῖ,
722 463 828 516 ἔφη,
868 459 1049 515 τοιαύτη
1080 461 1252 515 μᾶλλον
1283 455 1398 501 εἶναι
1427 456 1453 512 ἡ
1484 454 1604 511 παρὰ

187 532 494 588 Πρωταγόρου
523 529 726 586 μάθησις.

299 601 399 655 Gap.
432 599 507 641 IV.
560 594 708 640 Οἶσθα
739 590 823 638 οὖν
855 592 879 637 ὃ
908 595 1083 649 μέλλεις
1114 596 1199 636 νῦν
1233 594 1458 648 πράττειν,
1496 590 1526 645 ἤ
1557 602 1607 633 σε

186 666 423 714 λανθάνει;
454 660 513 721 ἦν
544 664 586 706 δ’
621 661 721 717 ἐγώ.
773 666 868 705 Τοῦ
890 663 1012 717 πέρι;
1031 661 1126 704 Ὅτι
1156 661 1329 717 μέλλεις
1359 659 1438 716 τὴν
1458 657 1607 713 ψυχὴν

185 734 266 790 τὴν
289 733 455 776 σαυτοῦ
476 739 717 786 παρασχεῖν
733 732 1011 786 θεραπεῦσαι
1029 728 1175 783 άνδρί,
1198 725 1255 778 ὥς
1276 728 1377 783 φῄς,
1401 728 1604 782 σοφιστῇ·
1633 726 1659 762 C

187 801 211 844 ὅ
241 818 282 844 τι
313 801 365 843 δέ
392 816 498 842 ποτε
529 797 551 841 ὁ
582 797 797 853 σοφιστής
829 799 943 850 ἐστι,
975 794 1242 850 θαυμάζοιμ’
1283 794 1342 836 ἄν
1381 795 1420 837 εἰ
1457 791 1604 835 οἶσθα.

187 870 330 911 καίτοι
362 868 402 909 εἰ
429 866 555 908 τοῦτ’
587 865 780 920 ἀγνοεῖς,
813 863 918 907 οὐδὲ
950 863 1035 920 ὅτῳ
1065 863 1319 915 παραδίδως
1347 860 1431 916 τὴν
1461 859 1607 915 ψυχήν

187 932 337 989 οἶσθα,
370 933 465 976 οὔτ’
499 935 539 976 εἰ
567 932 722 989 ἀγαθῷ
755 931 851 975 οὔτ’
886 933 926 973 εἰ
955 934 1077 987 κακῷ
1100 927 1336 985 πράγματι.
1387 926 1526 983 Οἶμαί
1543 926 1603 982 γ’,

188 1005 288 1058 ε’φη,
323 1002 501 1044 εἰδέναι.
548 1002 662 1055 Λέγε
683 1002 755 1056 δή,
787 1002 833 1042 τί
859 999 957 1055 ἡγεῖ
979 995 1090 1041 εἶναι
1122 998 1202 1040 τὸν
1234 997 1471 1052 σοφιστήν;
1499 994 1606 1050 Ἐγώ

187 1069 284 1124 μέν,
316 1063 342 1123 ἧ
376 1068 415 1111 δ’
452 1068 511 1122 ὅς,
544 1066 693 1123 ὥσπερ
724 1065 921 1122 τοῦνομα
941 1067 1071 1121 λέγει,
1105 1067 1263 1107 τοῦτον
1285 1061 1399 1106 εἶναι
1419 1062 1498 1106 τὸν
1518 1066 1610 1105 τῶν

190 1140 348 1192 σοφῶν
381 1136 669 1190 ἐπιστήμονα.
706 1134 905 1189 Οὐκοῦν,
937 1134 994 1189 ἡν
1016 1133 1057 1175 δ’
1083 1133 1187 1187 ἐγώ,
1210 1135 1339 1174 τοῦτο
1361 1132 1446 1186 μὲν
1468 1133 1610 1182 ἔξεστι

190 1206 338 1258 λέγειν
369 1204 443 1245 καὶ
474 1204 575 1257 περὶ
606 1204 853 1258 ζωγράφων
884 1201 957 1244 καὶ
987 1200 1088 1255 περὶ
1119 1200 1355 1253 τεκτόνων,
1390 1197 1454 1240 ὅτι
1485 1199 1614 1240 οὑτοί

236 1354 267 1384 2.
305 1347 384 1384 οὐκ
417 1347 488 1383 ἐπὶ
519 1347 656 1393 τέχνῃ
689 1346 766 1407 έμ,.]
796 1348 867 1383 Xe-

189 1393 750 1448 noph,Mem.111.10‚1:sz
775 1406 866 1428 ποτε

191 1441 266 1474 τῶν
310 1437 380 1479 τὰς
422 1437 560 1483 τέχνας
597 1420 776 1494 ἐχόντων,
802 1439 867 1473 καὶ

191 1482 370 1539 ἐργασίας
384 1482 498 1519 ἕνεκα
511 1484 711 1541 χρωμένων
728 1482 867 1524 αὐταῖς

191 1528 411 1583 διαλεγοιτό
425 1542 511 1572 τινι,
526 1528 591 1564 καὶ
607 1528 753 1570 τούτοις
767 1526 868 1573 ὠφέ-

192 1577 298 1619 λιμος
325 1568 385 1619 ἦν.

236 1632 331 1670 αλλ
377 1633 452 1671 ἐπὶ
492 1635 714 1681 παιδειᾳ]
757 1635 800 1672 Η
835 1645 865 1671 0

191 1682 240 1715 ut
272 1680 550 1716 eruditionis
581 1672 868 1715 liberalioris

191 1725 433 1770 particeps
481 1726 635 1761 fieres
680 1737 711 1759 v.
758 1725 869 1768 Gorg.

191 1782 226 1814 p.
244 1774 321 1805 485.
341 1771 394 1811 Α,,
423 1769 486 1803 ubi
512 1769 682 1804 Callicles
706 1769 867 1814 philoso-

191 1815 318 1860 phiam
347 1814 399 1848 ait
423 1814 658 1848 tractandam
685 1825 762 1849 esse
781 1827 866 1848 παι

193 1861 301 1910 δείας
321 1857 446 1903 χάριν,
474 1870 594 1902 neque
612 1861 731 1909 totam
749 1859 867 1893 vitam

191 1905 228 1938 111
261 1905 339 1938 eius
371 1903 493 1939 studio
526 1903 704 1960 consumi
717 1904 865 1938 debere.

192 1949 322 1993 Itaque
350 1949 550 2006 opponitur
576 1946 637 1983 ἐπὶ
659 1947 796 2004 τέχνῃ,
827 1951 868 1983 ut

191 2006 227 2039 p.
255 1998 320 2029 315
345 1996 393 2029 A:
433 1994 498 2029 καὶ
531 1992 592 2028 ἐπὶ
610 1992 743 2050 τέχνῃ
773 2007 868 2039 μαν-

192 2037 329 2082 θάνει,
373 2037 421 2079 ὦς
457 2036 641 2082 σοφιστὴς
679 2036 868 2082 ἐσόμενος.

194 2083 378 2119 Gellius
406 2084 450 2120 N.
465 2084 507 2118 A.
525 2083 613 2118 XIII
630 2087 687 2117 16:
713 2084 868 2118 huma-

193 2129 392 2164 nitatem
432 2128 791 2172 appellaverunt
825 2148 868 2153 ——

194 2173 258 2216 qui
276 2175 400 2209 verbis
416 2173 556 2208 Latinis
572 2174 689 2218 probe
708 2174 764 2207 usi
785 2174 870 2208 sunt

194 2239 236 2243 —
278 2218 322 2252 id
362 2218 709 2263 propemodum,
751 2218 869 2263 quod

195 2263 384 2299 Graeci
432 2264 616 2298 παιδείαν
660 2265 869 2306 vocant,

193 2319 273 2343 nos
322 2308 631 2358 eruditionem
684 2308 870 2343 institu-

195 2355 462 2404 tionemque
493 2353 534 2386 in
568 2353 708 2387 bonas
751 2354 872 2388 artes

197 2397 400 2433 dicimus.
496 2395 690 2441 ἰδιώτης
715 2398 790 2432 hl
815 2397 869 2431 in-

196 2444 387 2488 tellegitur
411 2443 474 2486 qui
500 2446 616 2477 artem
634 2454 706 2477 non
723 2442 870 2496 publice

196 2489 406 2533 profitetur,
425 2488 646 2538 additurque
658 2486 869 2531 ἐλευθερος,

197 2536 231 2568 h.
251 2546 281 2571 0
301 2517 533 2575 liberalis,
560 2533 647 2576 quia
664 2534 762 2567 artes
776 2532 870 2567 istae

198 2580 304 2614 erant
327 2578 588 2614 mercenariae.
615 2577 742 2614 Stallb.

245 2638 869 2684 7.τὴνψυχήν-παρασχεῖν

197 2685 516 2730 θεραπεῦσαι]
533 2685 727 2720 animum
748 2688 869 2718 tuum

198 2730 381 2765 tradere
414 2730 658 2765 curandum
690 2742 715 2767 s
742 2740 870 2764 exco-

199 2774 400 2818 lendum,
425 2787 459 2820 p.
479 2775 601 2810 325C:
627 2773 677 2819 μὴ
697 2776 868 2827 μαθοῦσι

200 2819 295 2863 μηδε
315 2823 624 2871 θεραπευθεῖσιν
646 2820 699 2860 εἰς
720 2817 868 2864 ἀρετήν,

199 2863 354 2908 Proprie
381 2863 616 2909 θεραπεύειν
649 2865 693 2900 (10
719 2865 870 2900 medicis

937 1348 1072 1382 dicitur
1097 1355 1254 1390 corpora
1285 1343 1515 1386 curantibus,
1546 1344 1610 1379 sed

937 1393 1126 1443 sophistae
1160 1401 1202 1424 ac
1237 1389 1449 1440 philosophi
1479 1388 1611 1423 animis

936 1437 1160 1472 medicinam
1169 1435 1300 1470 afferre
1310 1435 1380 1468 vis1
1395 1434 1608 1479 saepissime

936 1494 1019 1517 cum
1044 1482 1116 1516 illis
1141 1480 1424 1531 comparantur,
1451 1480 1492 1513 ut
1515 1479 1613 1513 infra

935 1540 972 1573 p.
1005 1531 1070 1562 357
1102 1527 1147 1560 Ε.
1197 1522 1452 1579 Πρωταγόρας
1494 1524 1610 1568 φησὶν

937 1572 1067 1617 ἰατρὸς
1095 1570 1195 1607 εἶναι
1221 1584 1288 1615 της
1315 1567 1499 1626 άμαθιᾝας
1540 1570 1611 1602 Ae-

937 1619 1024 1652 lian.
1053 1629 1086 1651 v
1112 1617 1146 1653 h
1172 1615 1223 1650 [V
1252 1619 1307 1650 17:
1343 1612 1611 1669 ἐπιστρεφομέ-

938 1677 1007 1698 νου
1047 1675 1111 1700 τας
1146 1657 1277 1700 πόλεις
1310 1657 1428 1695 αυτοῦ
1464 1659 1611 1716 διέρρει

939 1705 1067 1764 λόγος
1101 1703 1161 1741 ὅτι
1187 1703 1424 1760 Πυθαγόρας
1449 1701 1611 1756 ἄφίκετο

939 1752 982 1787 οὐ
1025 1752 1213 1793 διδάξων,
1265 1747 1349 1784 ἀλλ’
1392 1746 1611 1792 ἰατρεύσων.

938 1797 1118 1841 Exempla
1153 1778 1327 1829 infinitivi
1363 1794 1492 1828 aoristi
1527 1804 1612 1827 cum

939 1843 1092 1885 μέλλειν
1110 1839 1296 1876 coniuncti
1314 1838 1466 1882 collegit
1487 1838 1612 1873 Astius

937 1888 1023 1924 Lex
1049 1886 1226 1921 Platonic.
1253 1884 1287 1918 ΙΙ
1311 1888 1387 1920 300

986 1948 1035 1977 11.
1057 1939 1150 1977 οὔτ’
1172 1937 1252 1976 sla
1263 1937 1611 1985 γαθῷ-προὶγ-

937 1988 1062 2032 ματι]
1090 1988 1204 2021 Recte
1228 1987 1324 2020 inter
1354 1987 1496 2019 retatur
1519 1983 1611 2018 Fici-

937 2045 1022 2067 nus:
1055 2032 1205 2066 nescis
1230 2041 1316 2074 qua
1345 2041 1363 2064 e
1389 2030 1447 2063 sit
1470 2029 1610 2070 istud,

937 2079 1161 2113 bonumne
1209 2087 1262 2110 an
1308 2075 1492 2116 malum,
1541 2075 1613 2107 cui

940 2133 1126 2177 operam
1151 2120 1430 2173 impendere
1440 2119 1610 2156 studes

939 2167 1130 2212 πράγματι
1155 2166 1281 2211 posuit
1309 2175 1376 2208 pro
1410 2161 1506 2208 ἆνδρ
1511 2165 1541 2206 ι’,
1573 2164 1613 2197 ut

940 2211 1185 2256 contemptim
1233 2210 1437 2254 sophistam
1477 2209 1612 2253 signifi-

941 2260 1053 2292 caret..

987 2318 1039 2351 13
1067 2310 1215 2356 ὧσπερ
1240 2324 1443 2355 τουνομα
1470 2310 1611 2368 λέγει]

941 2359 1092 2395 Aristot
1124 2357 1368 2392 Polit.1114:
1406 2358 1480 2391 τῶν
1506 2354 1611 2411 ἔργα·

943 2403 1036 2438 σιῶν
1052 2417 1092 2439 εν
1111 2402 1223 2457 μέρος
1237 2401 1465 2460 κατέχουσιν
1481 2399 1518 2435 οἵ
1531 2413 1612 2444 χερ-

940 2450 1062 2493 νῆτες
1091 2445 1253 2483 οὑτοιδ’
1273 2446 1380 2487 εἰσίν,
1407 2444 1529 2487 ὥσπερ
1549 2457 1617 2500 ση-

939 2495 1069 2538 μαίνει
1094 2494 1159 2528 καὶ
1191 2489 1348 2535 τοῦνομ’
1375 2489 1537 2532 αὐτούς,
1578 2487 1617 2524 οἴ

940 2541 1074 2582 ζῶντες
1102 2536 1178 2573 άπὸ
1205 2539 1277 2572 τῶν
1304 2537 1450 2582 χειρῶν.

985 2592 1063 2630 τὸν
1102 2596 1189 2629 τῶν
1229 2593 1383 2636 σοφῶν
1425 2590 1613 2646 ἐπιστη-

939 2640 1068 2685 μονα]
1087 2639 1269 2674 Nimirum
1296 2635 1479 2691 σοφιστής
1504 2637 1549 2671 ab
1569 2648 1612 2672 eo

941 2685 1133 2720 deducitur
1158 2696 1180 2719 a
1204 2683 1321 2727 σοφός
1339 2684 1377 2717 et
1394 2681 1554 2723 εἰδέναι,
1573 2683 1613 2716 ut

940 2730 988 2764 sit
1011 2727 1030 2764 ὁ
1056 2731 1128 2764 τῶν
1156 2729 1285 2772 σοφῶν
1312 2729 1438 2771 ῖ’,στωρ
1466 2728 1612 2762 eadem-

940 2785 1011 2818 que
1030 2774 1131 2809 vocis
1149 2774 1346 2819 originatio
1364 2755 1510 2808 Platoni
1529 2784 1611 2816 pro

939 2820 1048 2854 batur
1078 2819 1115 2853 in
1142 2819 1300 2864 Sophist,
1326 2830 1360 2863 p
1389 2823 1450 2852 221
1479 2817 1521 2851 D.
1548 2817 1611 2851 sed

939 2877 973 2902 v
998 2865 1138 2909 proleg.
1162 2876 1197 2908 p
1224 2869 1253 2899 3.

1299 2923 1343 2954 4*
