1939 3214
271 295 300 329 E

232 570 298 602 338

328 118 407 160 126
907 117 1149 155 PLATONIS

326 216 464 273 αὐτῆς
493 221 570 273 τῆς
600 218 770 267 πόλεως
802 219 864 267 εἰς
893 213 972 260 τὸν
992 219 1204 272 μέγιστον
1226 220 1300 261 καὶ
1322 219 1596 274 ὀλβιώτατον
1617 219 1745 265 οἷκον

327 285 472 339 τόνδε,
504 286 645 340 μηδὲν
675 285 840 327 τούτου
872 289 951 327 τοῦ
983 284 1226 341 ἀξιώματος
1255 285 1382 337 ἄξιον
1403 286 1741 344 ἀποφήνασθαι,

324 352 425 395 ἀλλ’
465 352 615 405 ὥσπερ
647 350 752 402 τούς
782 352 1092 406 φαυλοτάτους
1121 357 1212 395 τῶν
1243 353 1503 410 ἀνθρώπων
1533 357 1741 411 διαφέρε-

324 425 432 463 σθαι
454 419 676 475 ἀλλήλοις.
724 418 810 473 ἐγώ
833 420 916 474 μὲν
937 412 1021 462 οὗν
1042 422 1114 462 καὶ
1137 422 1292 476 δέομαι
1323 421 1397 463 καὶ
1428 424 1741 478 συμβουλεύω,

322 482 359 529 ὦ
388 487 670 541 Πρωταγόρα
708 502 754 528 τε
792 487 867 528 καὶ
897 487 1152 541 Σώκρατες,
1193 490 1420 543 συμβῆναι
1449 487 1563 544 ὑμᾶς
1593 488 1744 545 ὥσπερ

323 553 412 596 ὑπὸ
450 556 689 608 διαιτητῶν
728 551 854 608 ἡμῶν
894 555 1260 608 συμβιβαζόντων
1299 556 1362 605 είς
1400 555 1449 598 τὸ
1481 557 1632 611 μέσον,
1671 558 1745 598 καὶ

322 623 431 676 μήτε
464 621 514 663 σε
545 619 592 662 τὸ
625 620 807 675 ἀκριβὲς
837 623 968 663 τοῦτο
1001 618 1118 672 εἶδος
1147 624 1238 664 τῶν
1269 623 1494 677 διαλόγων
1524 626 1667 678 ζητεῖν
1696 623 1747 666 τὸ

323 688 434 730 κατὰ
473 687 617 743 βραχὺ
655 691 771 741 λίαν,
815 689 855 730 εἰ
890 687 947 743 μὴ
990 687 1078 744 ἡδύ
1109 690 1405 747 Πρωταγόρᾳ,
1439 689 1537 732 ἀλλ’
1571 690 1746 745 ἐφεῖναι

323 756 397 798 καὶ
417 756 608 809 χαλάσαι
628 754 706 805 τοὶς
726 754 855 811 ἡνίας
876 763 967 806 τοῖς
988 755 1150 811 λόγοις,
1182 757 1258 798 ἵνα
1279 759 1745 812 μεγαλοπρεπέστεροι

323 824 397 864 καὶ
419 821 816 878 εὐσχημονέστεροι
846 820 951 878 ἡμῖν
983 826 1248 879 φαίνωνται,
1279 824 1379 880 μήτ’
1412 818 1469 866 αὖ
1491 825 1740 880 Πρωταγό-

439 962 490 992 10.
521 955 634 1002 ἡμῖν
661 958 870 1008 Stephanus
897 960 934 992 et
958 969 1029 993 rec.
1056 971 1154 994 man.
1182 960 1253 994 duo
1280 960 1516 1004 apographa:
1546 957 1641 1003 υμῖν
1667 959 1746 1001 ΒΤ,

322 1002 480 1044 Bekker‚
504 1003 574 1037 Ast
598 1005 635 1037 et
660 1013 706 1037 ex
730 1002 939 1037 novissimis
964 1003 1168 1038 editoribus
1187 1004 1293 1046 Cron,
1319 1005 1384 1038 sed
1408 1004 1523 1038 talem
1548 1003 1747 1038 lectionem

322 1047 635 1136 ggapsthprgiae
665 1048 809 1082 latione
842 1047 1120 1083 diiudicandam
1152 1059 1231 1083 esse
1265 1050 1423 1093 apparet
1454 1059 1499 1083 ex
1524 1050 1601 1084 not.
1631 1048 1746 1083 critic.

367 1208 398 1239 5.
442 1204 679 1259 συμβῆναι
723 1203 906 1248 ὖμᾶς-
934 1205 1003 1246 εἰς
1073 1203 1186 1250 ἡμᾶς.
1217 1205 1358 1259 derep.
1375 1217 1410 1250 p.
1429 1205 1554 1240 545E:
1579 1201 1628 1246 (ὃς
1653 1202 1748 1249 πρὸς

321 1247 371 1285 τὸ
398 1248 550 1304 μέσον]
578 1249 619 1283 Ι11
644 1250 701 1283 his
727 1250 919 1292 συμβῆναι
946 1251 1001 1290 εἰς

321 1294 362 1330 τὸ
400 1294 520 1349 μέσον
553 1295 653 1328 idem
689 1295 745 1328 est
781 1294 881 1336 quod
913 1306 999 1330 mox

321 1340 457 1375 dicitur
474 1338 590 1379 μέσον
615 1353 651 1373 τι
678 1336 920 1383 ἀμφοτέρους
945 1353 998 1375 τε·

321 1390 421 1429 μεῖν.
462 1384 555 1418 Vult
580 1384 677 1419 enim
703 1395 765 1419 eos
790 1384 844 1417 ita
875 1386 996 1419 conci-

320 1431 424 1470 liare‚
452 1430 494 1463 ut
511 1429 607 1464 alter
625 1430 734 1463 alteri
751 1428 895 1471 aliquid
913 1440 995 1464 con-

321 1458 430 1510 cedat
455 1475 494 1509 et
517 1474 641 1508 media
666 1474 851 1516 quaedam
876 1473 937 1509 via
960 1475 999 1509 in

322 1520 548 1577 disputando
573 1519 731 1553 ineatur.
757 1518 884 1556 Stallb

368 1564 518 1607 ὥσπερ
553 1561 643 1599 υπὸ
670 1565 931 1618 διαιτητῶν
956 1561 997 1608 ἠ-

321 1610 428 1665 μῶν]
465 1609 511 1643 Η.
548 1620 578 1644 8.
613 1606 684 1652 ὑφ’
727 1606 834 1653 ἡμῶν
874 1605 996 1661 ᾡσπερ

320 1652 396 1691 ὑπὸ
416 1653 638 1709 διαιτητῶν
677 1651 997 1698 συμβιβαζόντων.

318 1700 374 1735 De
405 1697 481 1735 ὑπὸ
513 1710 597 1733 811111
627 1699 741 1733 verbo
768 1700 997 1743 συμβαίνειν

320 1745 517 1780 coniuncto
544 1756 578 1779 v.
598 1743 744 1786 Kruger
762 1743 822 1781 Gr.
841 1748 946 1786 52,3‚
968 1748 997 1785 1,

321 1791 359 1824 et
375 1790 467 1824 haec
484 1789 683 1823 verborum
696 1788 868 1823 traiectio
883 1799 998 1831 quum

319 1836 357 1869 in
394 1833 736 1878 comparationibus
780 1833 998 1877 apudPla-

319 1881 446 1914 tonem
476 1880 651 1921 frequens
684 1879 747 1920 sit,
774 1880 855 1912 tum
880 1888 997 1923 prope

320 1927 375 1959 est
410 1923 598 1968 legitima,
644 1934 756 1966 quum
793 1934 998 1967 pronomen

256 1996 268 2005 .
321 1969 608 2020 comparatione
624 1968 842 2005 illustratur.
875 1968 999 2002 Pauca

321 2025 419 2049 8111111
443 2014 630 2047 inveneris
665 2013 854 2056 exempla,
887 2013 996 2066 quale

321 2060 378 2093 est
403 2059 447 2093 de
471 2069 547 2113 rep.
566 2069 602 2101 p,
621 2057 750 2091 328D:
777 2056 870 2101 παρ’
896 2054 997 2101 ἡμᾶς

321 2105 437 2148 φοίτα
455 2101 504 2142 ὡς
528 2115 631 2145 παρα
659 2103 806 2145 φίλους,
833 2102 996 2147 plerum—

321 2159 392 2192 que
431 2157 637 2197 pronomen
678 2147 819 2190 verbis,
862 2147 997 2189 quibus

322 2192 553 2244 comparatio
572 2192 796 2233 continetur,
816 2193 879 2226 aut
895 2193 998 2236 post-

319 2238 471 2283 ponitur
503 2238 569 2270 aut
597 2237 863 2290 interponitur,
896 2238 939 2270 ut
961 2248 997 2281 p.

320 2287 384 2318 352
410 2281 439 2315 B
476 2277 568 2317 οὐδὲ
606 2277 654 2321 ὠς
693 2283 780 2325 περὶ
817 2279 995 2316 τοιούτου

319 2323 441 2363 αὐτοῦ
458 2324 568 2366 ὄντος
586 2327 726 2360 dictum
745 2328 801 2361 est
816 2337 884 2370 pro
903 2324 995 2360 οὐδὲ

319 2373 406 2416 περὶ
438 2369 556 2407 αυτοῦ
589 2369 637 2411 ὡς
667 2367 777 2411 ὄντος
809 2368 994 2409 τοιούτου

319 2417 464 2453 Phileb.
489 2429 525 2461 p.
552 2421 592 2451 61
621 2416 665 2451 C:
698 2413 878 2470 καθαπερ
904 2420 994 2460 ημῖν

321 2459 513 2507 οἰνοχόοις
550 2463 628 2496 τισί
661 2472 728 2505 pro
767 2459 859 2506 ἡμῖν
901 2464 994 2495 καθ.

321 2507 393 2544 οἰν
421 2507 578 2543 τ.11)1(1
596 2519 633 2560 p
654 2506 754 2541 59E:
781 2507 997 2550 καθαπερεὶ

322 2554 572 2596 δημιουργοῖς
613 2548 720 2604 ἡμῖν.
774 2551 819 2586 de
857 2552 927 2604 leg.
959 2563 995 2595 p.

321 2597 446 2632 6920:
477 2593 775 2652 καταφρονήσας
801 2594 849 2636 ὡς
875 2593 996 2632 ὄντων

321 2639 428 2686 ἡμῶν
462 2640 621 2686 βραχέος
653 2639 784 2684 αξιᾝων
831 2641 993 2685 Praepo

323 2687 406 2721 sitio
437 2687 685 2739 praecedente
717 2686 995 2730 comparatione

323 2743 406 2766 cum
436 2732 622 2776 particula
647 2728 695 2770 ὠς
721 2741 904 2784 nusquam
928 2731 995 2765 ite-

321 2779 435 2818 ratur,
453 2786 536 2810 cum
553 2775 740 2830 particula
757 2771 881 2819 ὥσπερ
899 2786 994 2812 raro.

321 2821 413 2855 'lim.
440 2832 475 2865 p.
502 2825 544 2856 27
570 2821 616 2854 B:
648 2819 698 2860 ὡς
730 2819 784 2861 εἰς
811 2818 996 2861 δικαστὰς

1071 1252 1217 1291 παῖδας
1242 1247 1344 1294 ἡμᾶς
1375 1250 1594 1307 παιζούσας.
1631 1250 1749 1285 Phae-

1071 1296 1153 1333 (1011
1178 1307 1214 1340 p.
1240 1299 1281 1329 67
1310 1294 1352 1329 C:
1380 1291 1504 1339 ὥσπερ
1529 1293 1570 1330 ἐκ
1597 1294 1746 1339 δεσμῶν

1068 1337 1109 1374 ἔκ
1134 1342 1203 1375 τοῦ
1237 1340 1420 1384 σώματος.
1446 1360 1488 1366 -
1513 1339 1569 1375 De
1595 1341 1748 1384 διαιτη-

1065 1390 1150 1426 ταῖς
1187 1385 1516 1429 disceptatoribus
1549 1386 1587 1420 et
1618 1395 1745 1419 recon

1065 1430 1309 1465 ciliatoribus’
1335 1442 1366 1464 v.
1386 1430 1574 1464 Hermann
1601 1428 1747 1464 Griech.

1068 1475 1496 1518 Antiquit.11169,14.

1116 1524 1145 1556 7.
1178 1523 1225 1564 ζη
1237 1533 1334 1554 τειν
1366 1519 1413 1554 τὸ
1447 1532 1562 1554 κατα
1596 1515 1744 1563 βραχὺ

1070 1566 1198 1609 λίαν]
1229 1565 1313 1599 λίαν
1332 1564 1570 1599 referendum
1596 1574 1674 1598 esse
1699 1563 1748 1598 ad

1068 1612 1195 1653 ζητεῖν
1214 1609 1349 1644 docent
1365 1610 1548 1665 proxima,
1573 1609 1639 1642 ubi
1655 1608 1746 1643 item

1067 1654 1113 1688 de
1131 1654 1356 1708 Protagora:
1381 1652 1471 1706 μήτ’
1498 1650 1546 1689 αὗ
1566 1656 1746 1710 Πρωταγ-
1751 1655 1753 1661 “

1068 1697 1160 1743 όραν
1201 1700 1353 1733 πάντα
1400 1696 1551 1733 κάλων
1597 1696 1747 1734 έκτεί·

1069 1757 1217 1779 ναντα
1241 1740 1577 1788 κτὲ.Ροε11;Ροε11ε1
1602 1744 1658 1778 est
1682 1753 1746 1776 vo-

1071 1789 1156 1823 cula
1186 1800 1270 1823 cum
1295 1788 1331 1822 vi
1357 1790 1395 1823 et
1416 1790 1621 1843 gravitate.
1670 1787 1743 1833 Op-

1068 1834 1219 1877 ponitur
1244 1835 1369 1867 autem
1387 1833 1428 1869 τὸ
1449 1832 1552 1873 εἶδος
1570 1835 1643 1868 τῶν
1662 1834 1746 1867 δια-

1070 1878 1190 1935 λόγων
1223 1877 1265 1913 τὸ
1299 1876 1396 1913 κατα
1409 1877 1560 1935 βραχύ
1572 1878 1747 1920 deinceps

1068 1925 1120 1979 τῷ
1161 1921 1316 1967 ἐφεῖναι
1355 1936 1421 1958 και
1462 1919 1625 1966 χαλάσαι
1676 1921 1746 1962 τὰς

1068 1960 1180 2012 ἡνίας
1220 1971 1301 2007 τοις
1343 1965 1483 2012 λόγοις,
1532 1979 1570 2001 111
1612 1967 1746 2009 quibus

1070 2013 1190 2046 verbis
1224 2012 1439 2046 habenae
1474 2012 1650 2046 orationis
1683 2022 1744 2045 ex-

1069 2057 1208 2101 quisita
1239 2057 1461 2101 metaphora
1494 2057 1667 2090 dicuntur
1699 2056 1745 2091 de

1067 2102 1178 2136 modo
1211 2102 1417 2136 orat-ionem
1451 2101 1671 2136 moderandi
1708 2102 1747 2135 et

1067 2147 1269 2199 tractandi,
1304 2147 1348 2181 cf.
1375 2147 1420 2181 de
1445 2146 1517 2191 leg.
1543 2158 1578 2201 p.
1606 2150 1667 2181 701
1697 2145 1742 2180 C:

1069 2193 1137 2226 δεῖ
1175 2189 1332 2245 οἷόνπερ
1370 2192 1488 2226 ἱππον
1524 2191 1592 2226 τὸν
1633 2188 1745 2247 λόγον

1070 2233 1248 2271 ἑκάστοτε
1273 2233 1582 2289 αναλαμβοῖνειν,
1608 2249 1672 2270 και
1691 2235 1742 2278 μὴ

1067 2278 1247 2335 καθαπερ
1287 2279 1492 2336 ἀχάλινον
1508 2279 1743 2333 κεκτημένον

1067 2323 1108 2361 τὸ
1141 2325 1278 2370 στόμα,
1319 2327 1400 2379 βία
1422 2322 1498 2361 υπὸ
1530 2325 1597 2360 τοῦ
1630 2323 1744 2369 λόγου

1067 2371 1282 2425 φερόμενον
1306 2384 1403 2405 κατα
1430 2368 1500 2414 τὴν
1532 2372 1743 2413 παροιμίαν

1068 2413 1146 2451 ἀπό
1171 2429 1274 2456 τινος
1300 2413 1392 2451 ὄνου
1416 2419 1562 2450 πεσεῖν.

1112 2465 1142 2496 9.
1171 2457 1430 2505 ι’να-ήμῖν
1458 2459 1741 2504 φαίνωνται]

1066 2506 1222 2550 Hippias
1249 2505 1296 2539 ad
1314 2517 1427 2539 unum
1446 2504 1637 2539 Socratem
1655 2514 1743 2537 8011-
1751 2532 1757 2537 .

1066 2562 1192 2585 versus
1224 2551 1315 2584 haec
1350 2550 1440 2583 dicit
1471 2559 1631 2592 eumque
1656 2548 1741 2582 hor-

1064 2597 1182 2638 tatur,
1216 2596 1258 2628 ut
1288 2594 1448 2628 orationi
1479 2594 1644 2628 habenas
1674 2593 1741 2626 im-

1065 2641 1194 2674 mittat
1240 2641 1278 2673 et
1322 2639 1425 2673 laxas
1472 2641 1618 2680 teneat,
1667 2648 1741 2680 quo

1064 2683 1361 2729 magnificentior
1385 2695 1427 2718 ea
1452 2686 1489 2718 et
1515 2664 1743 2736 3Ρ1811ᾰ1ᾶ101

1066 2712 1303 2764 audientibus
1330 2730 1536 2783 appareat.
1553 2727 1625 2761 Pro
1645 2724 1740 2771 ἡμῖν

1066 2774 1138 2808 dici
1162 2774 1286 2817 potuit
1311 2774 1388 2814 σοι’,
1421 2773 1485 2808 sed
1517 2769 1609 2817 ὑμῖν
1635 2773 1736 2806 recte

1066 2818 1243 2863 explicari
1267 2818 1407 2862 nequit.

1767 839 1800 863 10
