1907 3230
15 275 19 280 .
144 255 207 302 εἰς
235 252 415 306 ἀρετήν,
455 251 698 305 ἀγαπητόν.

557 148 889 185 PROTAGORAS.
915 147 953 182 P.
981 151 1046 182 328
1072 147 1139 181 ST.
1476 146 1553 188 101

750 243 832 290 ἷΩν
863 247 917 303 δὴ
958 246 1043 301 ἐγώ
1076 244 1196 300 οἶμαι
1227 241 1288 296 εἷς
1319 243 1448 299 εἶναι,
1482 248 1555 288 καὶ

142 319 451 374 διαφερόντως
481 318 538 360 ἄν
569 320 660 358 τῶν
690 316 842 357 ἄλλων
864 314 1122 369 ἀνθρώπων
1145 311 1307 368 ὀνῆσαί
1325 329 1424 355 τινα
1446 312 1556 365 πρὸς

140 385 190 429 τὸ
229 384 368 428 καλὸν
408 385 482 437 καὶ,
519 381 693 438 ἀγαθὸν
729 384 964 436 γενέσθαι,
1006 379 1079 422 καὶ
1117 379 1247 430 ἀξίως
1277 384 1356 422 τοῦ
1387 383 1554 434 μισθοῦ

86 450 194 495 Μὸν
230 454 498 508 πράττομαι,
538 451 611 492 καὶ
642 452 705 491 ἔτι
735 452 965 502 πλείονος,
1005 447 1119 490 ὥστε
1151 447 1224 489 καὶ
1256 446 1375 502 αὐτῶ
1405 448 1557 489 δοκεῖν

100 539 117 565 5
142 523 201 576 τῷ
236 519 442 574 μαθόντι.
501 515 574 559 δια
612 520 752 558 ταῦτα
790 517 863 558 καὶ
908 515 986 558 τὸν
1031 515 1199 569 τρόπον
1243 517 1318 569 τῆς
1357 513 1557 568 πράξεως

140 589 221 629 τοῦ
259 590 427 642 μισθοῦ
463 587 670 627 τοιοῦτον
701 586 956 638 πεποίημαι,
1020 581 1204 625 ἐπειδὰν
1234 583 1321 636 γάρ
1352 598 1417 630 τις
1448 579 1553 636 παρ’

141 654 250 708 ἐμοῦ
284 655 433 708 μα’θῃ,
474 651 552 695 ἐὰν
590 651 672 704 μὲν
709 652 951 705 βούληται,
985 648 1214 692 ἀπέδωκεν
1247 648 1272 690 ὃ
1303 648 1388 702 ἐγώ
1420 663 1554 701 πρατ-

140 736 267 775 τομαι
307 720 548 775 α’ργύριον·
591 716 671 760 ἐὰν
710 719 757 759 δὲ
793 719 874 772 μή,
918 715 1068 760 ἐλθών
1108 717 1169 765 εἰς
1206 715 1330 769 ἱερὸν
1375 714 1552 768 ὀμόσας,
1581 718 1607 752 C

140 788 249 830 ὅσου
281 785 339 829 ἂν
370 790 435 842 φῇ
465 786 566 836 ἄξια
590 782 705 827 εἶναι
726 783 779 826 τὰ
797 785 1054 839 μαθήματα,
1086 785 1301 826 τοσοῦτον
1324 783 1554 835 κατέθηκε.

91 875 122 900 10
258 854 467 896 Τοιοῦτόν
503 865 596 906 σοι,
637 853 743 906 ἔφη,
783 847 819 894 cd
858 852 1119 907 Σώκρατες,
1167 848 1252 904 ἐγώ
1293 849 1366 891 καὶ
1404 851 1556 902 μῦθον

136 921 212 963 καὶ
255 923 391 975 λόγον
433 924 609 975 εἴρηκα,
656 917 715 969 ῶς
760 914 971 961 διδακτὸν
1016 917 1151 972 ἀρετή
1200 917 1273 958 καὶ
1327 914 1556 970 Ἀθηναῖοι

137 987 278 1038 οὕτως
307 987 544 1044 ἡγοῦνται,
582 985 655 1029 καὶ
686 986 752 1029 ὅτι
789 985 924 1028 οὐδὲν
953 985 1220 1040 θαυμαστὸν
1250 986 1336 1026 τῶν
1367 982 1557 1037 ἀγαθῶν

137 1057 343 1111 πατέρων
365 1055 569 1110 φαύλους
590 1055 701 1103 υἱεῖς
730 1058 966 1108 γίγνεσθαι
996 1052 1070 1095 καὶ
1101 1056 1190 1094 τῶν
1222 1051 1412 1106 φαύλων
1443 1050 1557 1103 ἄγα-

132 1125 260 1176 θούς,
294 1123 390 1166 ἐπεὶ
411 1122 484 1164 καὶ
501 1122 548 1163 οί
563 1123 873 1164 Πολυκλείτου
894 1121 1020 1174 υἱεῖς,
1053 1120 1272 1175 Παράλου
1304 1117 1378 1160 καὶ
1399 1119 1554 1165 Ξανθ-

93 1187 125 1212 ¹⁵
152 1193 291 1232 ι’ππου
341 1191 474 1232 τοῦδε
518 1187 770 1243 ἡλικιῶται,
819 1188 954 1231 οὐδὲν
992 1187 1103 1241 πρὸς
1139 1186 1219 1229 τὸν
1256 1185 1422 1240 πατέρα
1454 1185 1554 1237 εἰσί,

135 1256 210 1299 καὶ
248 1256 376 1298 ἄλλοι
420 1254 570 1297 ἄλλων
617 1257 918 1310 δημιουργῶν.
978 1256 1120 1297 τῶνδε
1167 1254 1215 1295 δὲ
1260 1250 1385 1295 οὔπω
1430 1249 1554 1301 ἄξιον

225 1395 256 1426 2.
284 1389 450 1434 ὀνῆσαι
475 1389 622 1425 Dobree
649 1390 790 1425 advers.
808 1390 894 1434 Hp.
914 1394 996 1424 391:
1021 1390 1159 1433 νοῆσαι
1185 1387 1266 1424 ΒΤ.
1314 1392 1344 1422 7.
1371 1384 1556 1421 ἀπέδω-

134 1448 230 1471 κενε
266 1436 322 1470 ita
351 1435 440 1469 olim
466 1435 541 1470 iam
573 1435 717 1469 correxi
743 1433 1010 1477 ἀποδέδωκεν,
1045 1434 1146 1477 quod
1176 1433 1262 1467 libri
1295 1432 1470 1467 exhibent
1519 1433 1556 1466 et

136 1482 274 1517 recent.
307 1480 392 1515 edit.
422 1479 607 1514 immerito
639 1480 836 1515 ‹neem-,unt
892 1480 946 1514 De
977 1480 1048 1514 hac
1084 1477 1359 1522 permutatione
1392 1476 1554 1521 perfecti

136 1528 174 1561 et
199 1525 328 1561 aoristi
353 1537 384 1561 v.
411 1524 459 1559 ad
483 1537 519 1569 p.
547 1529 612 1560 320
638 1526 669 1559 A
695 1527 733 1560 et
757 1525 860 1560 Stud.
888 1524 1067 1569 philolog.
1093 1536 1129 1568 p.
1156 1527 1232 1559 852.

883 1638 981 1671 tiora
1004 1636 1178 1670 videntur
1204 1646 1299 1677 esse,
1324 1645 1420 1677 quae
1446 1634 1554 1669 Plato

883 1682 968 1716 11.1.
995 1681 1040 1716 (10
1065 1681 1254 1725 sophistae
1285 1679 1456 1713 instituto
1481 1680 1554 1713 tra-

884 1726 995 1770 didit,
1023 1737 1107 1760 eum
1132 1736 1205 1759 non
1231 1735 1376 1774 omnes,
1403 1724 1467 1758 sed
1493 1734 1555 1758 eos

142 1669 144 1671 ,
184 1642 213 1672 1.
244 1631 323 1671 5221
365 1635 422 1681 δὴ
465 1634 550 1681 ἐγώ
588 1637 725 1687 οἶμαι
751 1639 808 1682 —]

137 1682 193 1716 Ex
218 1682 275 1716 his
299 1683 415 1727 igitur
439 1693 497 1716 me
516 1681 678 1716 arbitror
696 1694 812 1716 unum

137 1738 216 1762 esse
242 1728 280 1761 et
313 1728 462 1776 praeter
493 1728 638 1761 ceteros
668 1727 813 1761 institu-

137 1772 238 1806 tione
253 1782 338 1805 mea
352 1771 524 1814 aliquem,
542 1771 659 1805 veluti
673 1771 811 1822 Hippo-

138 1818 296 1859 cratem,
358 1817 405 1851 ad
456 1816 632 1851 virtutem
684 1816 813 1851 iuvare

138 1872 258 1906 posse,
286 1844 398 1905 idque
423 1860 493 1903 sic,
520 1862 562 1894 ut
587 1860 720 1910 dignus
745 1862 813 1896 sim

138 1917 182 1941 ea
205 1906 389 1948 mercede,
417 1917 529 1956 quam
555 1905 675 1955 exigo,
702 1907 812 1941 adeo-

137 1962 208 1995 que
239 1951 352 1985 etiam
383 1950 540 1993 maiore,
579 1950 634 1984 ita
667 1953 708 1984 ut
742 1951 813 1995 ipsi

883 1772 1029 1805 tantum
1048 1769 1259 1814 discipulos,
1276 1769 1339 1812 qui
1356 1768 1552 1813 pecuniam

883 1817 930 1851 ab
955 1816 1036 1861 ipso
1062 1815 1303 1849 constitutam
1328 1814 1470 1848 solvere
1488 1824 1554 1848 no-

882 1861 1057 1904 luissent,
1084 1861 1225 1894 iuratos
1252 1859 1465 1903 disciplinas
1491 1869 1552 1893 ae-

883 1906 1032 1940 stimare
1059 1907 1096 1940 et
1121 1904 1251 1954 quanti
1284 1904 1553 1946 aestimassent,

882 1951 1028 1985 tantum
1066 1950 1208 1984 solvere
1240 1948 1396 1984 iussisse
1458 1929 1553 1982 Enni

138 1996 251 2030 etiam
282 1995 439 2030 discenti
469 1996 524 2029 ita
552 1995 733 2030 videatur.
768 1997 810 2030 cf.

136 2040 247 2093 Η1ΡΡ.
279 2040 296 2074 Ι
333 2052 368 2085 Ρ
403 2043 466 2075 281
499 2040 547 2074 Β.
599 2039 730 2081 ἱκανὸς
779 2040 815 2076 εἷ

137 2099 242 2130 παρα
268 2086 342 2119 τῶν
367 2085 465 2120 νέων
489 2082 610 2120 πολλὰ
637 2083 811 2140 χρήματα

139 2128 345 2185 λαμβάνων
383 2129 438 2164 ἔτι
476 2132 595 2165 πλείω
643 2128 810 2174 ὠφελεῖν

139 2189 193 2210 ων
219 2172 438 2219 λαμβάνεις.
480 2174 600 2216 Quum
626 2175 809 2220 Protago‘

136 2231 198 2255 ras
237 2220 271 2256 11.
307 2221 328 2257 Ι,
363 2220 407 2254 de
449 2219 586 2254 virtute
626 2221 810 2255 tradenda

138 2265 305 2307 disserat,
331 2265 467 2317 νοῆσαι
493 2264 635 2298 nullum
660 2265 720 2299 1110
744 2266 809 2300 ha-

138 2310 203 2344 bet
227 2292 364 2350 10011111ς
391 2307 529 2353 ὀνῆσαι
549 2310 680 2344 eodem
699 2309 808 2345 modo

136 2355 316 2404 positum
336 2357 392 2389 est
427 2355 473 2388 de
505 2365 580 2398 rep.
593 2366 643 2407 p.
670 2358 734 2390 600
758 2355 808 2389 D.

139 2401 244 2455 εἴπερ
278 2397 357 2453 οἷός
388 2395 420 2434 τ’
455 2393 502 2443 ἦν
535 2397 629 2443 πρὸς
666 2397 808 2444 ἀρετὴν

139 2442 276 2488 ὀνῆσαι
303 2440 543 2498 ἄνθρωπους.

183 2494 213 2527 5
255 2489 331 2524 τὸν
371 2487 543 2534 τρόπον
574 2509 617 2513 -
654 2488 808 2523 τοιοῦ-

137 2548 216 2570 τον
258 2534 379 2578 πεπ]
424 2533 517 2568 Rem
553 2534 666 2578 paulo
702 2534 809 2569 aliter

137 2581 266 2614 narrat
281 2579 504 2614 Aristoteles
522 2579 640 2615 Ethic
664 2579 807 2613 Nicom.

136 2624 187 2659 IX
213 2629 248 2658 1:
284 2620 391 2668 (όπερ
425 2623 520 2677 φασὶ
551 2624 616 2659 καὶ
649 2627 807 2666 Πρωτα-

138 2668 255 2726 γόραν
277 2671 422 2713 ποιεῖν)
437 2664 500 2704 ὅτε
520 2682 592 2723 γαρ
612 2669 810 2722 διδάξειεν

139 2712 329 2771 ἁδήποτε,
357 2715 512 2768 τιμῆσαι
537 2713 604 2750 τὸν
629 2712 808 2755 μαθόντα

139 2755 326 2802 ἐκέλευεν,
359 2755 449 2795 ὅσου
482 2760 590 2794 δοκεῖ
614 2757 703 2802 ἄξια
729 2757 807 2795 ἐπί-

142 2806 325 2846 στασθαι,
357 2805 422 2839 καὶ
454 2801 645 2855 ἐλάμβανε
677 2804 807 2840 τοσοῦ-

140 2861 217 2884 τον.
243 2847 399 2884 Veriora
415 2849 544 2893 reique
561 2852 718 2885 naturae
745 2861 807 2894 ap—

882 1995 963 2029 aliis
1011 1995 1124 2029 etiam
1173 1993 1449 2028 condicionibus
1489 1994 1553 2027 do-

881 2041 999 2074 cuisse
1018 2040 1237 2090 argumento
1264 2039 1351 2072 sunt
1375 2049 1430 2081 ea,
1457 2048 1552 2080 quae

881 2085 926 2120 de
959 2086 1036 2120 eius
1066 2085 1132 2119 lite
1172 2094 1255 2117 cum
1286 2083 1446 2117 Euathlo
1482 2084 1555 2117 tra-

880 2130 974 2164 dunt
1015 2129 1191 2174 Apuleius
1233 2128 1327 2163 Flor.
1360 2128 1410 2162 IV
1446 2131 1484 2162 18
1517 2128 1555 2162 et

881 2175 1023 2209 Gellius
1049 2174 1092 2208 N.
1119 2179 1160 2211 A
1187 2173 1231 2208 V.
1258 2178 1312 2209 10.
1351 2173 1440 2208 Cum
1475 2172 1553 2215 qui-

879 2220 948 2254 bus
967 2220 1152 2254 consentit
1169 2218 1354 2263 Diogenes
1372 2218 1550 2259 Laertius,

879 2265 944 2307 qui
969 2264 1034 2305 (IX
1059 2268 1116 2304 59)
1143 2263 1385 2308 Protagoram
1418 2261 1507 2296 dicit
1531 2273 1554 2297 a

879 2310 1033 2354 singulis
1074 2308 1263 2358 discipulis
1308 2307 1552 2342 institutionis

878 2355 1039 2398 pretium
1049 2364 1213 2398 exegisse
1233 2354 1405 2388 centenas
1422 2351 1551 2394 minas,

879 2399 978 2449 quod
1015 2410 1036 2433 a
1072 2398 1145 2433 fide
1179 2398 1371 2438 abhorret
1410 2397 1474 2432 sed
1508 2398 1551 2432 cf.

879 2443 999 2485 Quint.
1026 2444 1114 2478 Inst.
1141 2443 1198 2478 Or.
1226 2444 1276 2477 111
1304 2447 1332 2477 1.
1360 2425 1410 2479 10

923 2493 954 2524 8.
981 2486 1133 2523 ἐλθών
1163 2487 1228 2528 εἰς
1256 2485 1402 2537 ἱερὸν]
1423 2488 1551 2522 Cicero

877 2545 945 2578 pro
970 2534 1075 2569 Balb.
1102 2544 1130 2570 c.
1159 2538 1193 2568 5:
1225 2532 1398 2574 Athenis,
1431 2533 1546 2575 aiunt,

879 2589 990 2622 quum
1032 2579 1183 2628 quidam
1224 2577 1324 2622 apud
1365 2587 1444 2619 eos,
1486 2578 1549 2621 qui

879 2625 1004 2659 sancte
1041 2623 1278 2672 graviterque
1319 2622 1471 2657 vixisset
1511 2624 1550 2657 et

878 2669 1131 2703 testimonium
1151 2668 1304 2702 dixisset
1321 2669 1368 2710 et,
1395 2669 1441 2702 ut
1457 2679 1491 2701 m
1503 2678 1549 2702 os

879 2712 1150 2748 Graecorum
1184 2715 1265 2755 est,
1296 2712 1343 2747 ad
1377 2722 1459 2746 aras
1490 2723 1547 2747 ac-

879 2758 1029 2793 cederet
1054 2761 1120 2793 etc.

925 2807 976 2838 16.
1009 2805 1154 2838 τῶνδε
1188 2801 1235 2838 δὲ
1262 2800 1387 2837 οὔπω
1411 2797 1547 2844 ἄξιον

877 2849 1010 2883 τοῦτο
1036 2847 1145 2893 κατ]
1172 2848 1352 2891 1111010
1379 2846 1549 2887 (Paralus
