<?xml version="1.0" encoding="UTF-8"?>
<!DOCTYPE html PUBLIC "-//W3C//DTD XHTML 1.0 Transitional//EN"
    "http://www.w3.org/TR/xhtml1/DTD/xhtml1-transitional.dtd">
<html xmlns="http://www.w3.org/1999/xhtml" xml:lang="en" lang="en">
 <head>
  <title>
</title>
<meta http-equiv="Content-Type" content="text/html;charset=utf-8" />
  <meta name='ocr-system' content='tesseract 3.04.00' />
  <meta name='ocr-capabilities' content='ocr_page ocr_carea ocr_par ocr_line ocrx_word'/>
</head>
<body>
  <div class='ocr_page' id='page_1' title='image "./protagorascumpro00platuoft/protagorascumpro00platuoft_0182.png"; bbox 0 0 1939 3214; ppageno 0'>
   <div class='ocr_carea' id='block_1_1' title="bbox 330 170 1150 218">
    <p class='ocr_par' dir='ltr' id='par_1_1' title="bbox 330 170 1150 218">
     <span class='ocr_line' id='line_1_1' title="bbox 330 170 1150 218; baseline -0.005 -9"><span class='ocrx_word' id='word_1_1' title='bbox 330 176 410 218; x_wconf 81' lang='lat'><em>170</em></span> <span class='ocrx_word' id='word_1_2' title='bbox 913 170 1150 206; x_wconf 78' lang='lat' dir='ltr'><strong>PLATONIS</strong></span> 
     </span>
    </p>
   </div>
   <div class='ocr_carea' id='block_1_2' title="bbox 328 267 1750 396">
    <p class='ocr_par' dir='ltr' id='par_1_2' title="bbox 328 267 1750 396">
     <span class='ocr_line' id='line_1_2' title="bbox 328 267 1750 329; baseline -0.005 -12"><span class='ocrx_word' id='word_1_3' title='bbox 328 273 515 329; x_wconf 83' lang='grc' dir='ltr'><em>αὐτούς,</em></span> <span class='ocrx_word' id='word_1_4' title='bbox 548 267 583 316; x_wconf 86' lang='grc' dir='ltr'><em>ῶ</em></span> <span class='ocrx_word' id='word_1_5' title='bbox 612 273 916 327; x_wconf 87' lang='grc' dir='ltr'><em>Πρωταγόρα,</em></span> <span class='ocrx_word' id='word_1_6' title='bbox 950 270 1059 313; x_wconf 78' lang='grc' dir='ltr'><em>ἄλλο</em></span> <span class='ocrx_word' id='word_1_7' title='bbox 1089 287 1131 312; x_wconf 90' lang='grc' dir='ltr'><em>τι</em></span> <span class='ocrx_word' id='word_1_8' title='bbox 1161 269 1509 323; x_wconf 82' lang='grc' dir='ltr'><em>ἀποκρίνασθαι,</em></span> <span class='ocrx_word' id='word_1_9' title='bbox 1540 270 1569 324; x_wconf 75' lang='grc' dir='ltr'><em>ἡ</em></span> <span class='ocrx_word' id='word_1_10' title='bbox 1601 268 1664 311; x_wconf 82' lang='grc' dir='ltr'><em>ὅτι</em></span> <span class='ocrx_word' id='word_1_11' title='bbox 1695 267 1750 311; x_wconf 86' lang='grc' dir='ltr'><em>οὐ</em></span> 
     </span>
     <span class='ocr_line' id='line_1_3' title="bbox 329 335 1750 396; baseline -0.005 -12"><span class='ocrx_word' id='word_1_12' title='bbox 329 341 438 384; x_wconf 78' lang='grc' dir='ltr'><em>κατὰ</em></span> <span class='ocrx_word' id='word_1_13' title='bbox 478 340 560 396; x_wconf 83' lang='grc' dir='ltr'><em>τὴν</em></span> <span class='ocrx_word' id='word_1_14' title='bbox 599 339 735 395; x_wconf 84' lang='grc' dir='ltr'><em>αὐτῆς</em></span> <span class='ocrx_word' id='word_1_15' title='bbox 772 340 848 394; x_wconf 82' lang='grc' dir='ltr'><em>τῆς</em></span> <span class='ocrx_word' id='word_1_16' title='bbox 894 336 1060 394; x_wconf 80' lang='grc' dir='ltr'><em>ἡδονῆς</em></span> <span class='ocrx_word' id='word_1_17' title='bbox 1104 341 1182 391; x_wconf 88' lang='grc' dir='ltr'><em>τῆς</em></span> <span class='ocrx_word' id='word_1_18' title='bbox 1227 338 1492 390; x_wconf 80' lang='grc' dir='ltr'><em>παραχρῆμα</em></span> <span class='ocrx_word' id='word_1_19' title='bbox 1535 335 1750 390; x_wconf 74' lang='grc' dir='ltr'><em>ἐργασίαν</em></span> 
     </span>
    </p>
   </div>
   <div class='ocr_carea' id='block_1_3' title="bbox 281 403 1751 461">
    <p class='ocr_par' dir='ltr' id='par_1_3' title="bbox 281 403 1751 461">
     <span class='ocr_line' id='line_1_4' title="bbox 281 403 1751 461; baseline -0.005 -10"><span class='ocrx_word' id='word_1_20' title='bbox 281 416 310 450; x_wconf 88' lang='grc' dir='ltr'>Ε</span> <span class='ocrx_word' id='word_1_21' title='bbox 329 409 445 451; x_wconf 76' lang='grc' dir='ltr'><em>κακά</em></span> <span class='ocrx_word' id='word_1_22' title='bbox 478 409 615 461; x_wconf 81' lang='grc' dir='ltr'><em>ἐστιν,</em></span> <span class='ocrx_word' id='word_1_23' title='bbox 656 407 769 449; x_wconf 75' lang='grc' dir='ltr'><em>ἀλλὰ</em></span> <span class='ocrx_word' id='word_1_24' title='bbox 800 405 873 448; x_wconf 78' lang='grc' dir='ltr'><em>διὰ</em></span> <span class='ocrx_word' id='word_1_25' title='bbox 904 404 957 447; x_wconf 81' lang='grc' dir='ltr'><em>τὰ</em></span> <span class='ocrx_word' id='word_1_26' title='bbox 988 403 1181 458; x_wconf 82' lang='grc' dir='ltr'><em>ὕστερον</em></span> <span class='ocrx_word' id='word_1_27' title='bbox 1211 405 1470 457; x_wconf 88' lang='grc' dir='ltr'><em>γιγνόμενα,</em></span> <span class='ocrx_word' id='word_1_28' title='bbox 1511 403 1674 452; x_wconf 79' lang='grc' dir='ltr'><strong><em>νόσους</em></strong></span> <span class='ocrx_word' id='word_1_29' title='bbox 1703 417 1751 445; x_wconf 88' lang='grc' dir='ltr'><em>τε</em></span> 
     </span>
    </p>
   </div>
   <div class='ocr_carea' id='block_1_4' title="bbox 239 891 306 924">
    <p class='ocr_par' dir='ltr' id='par_1_4' title="bbox 239 891 306 924">
     <span class='ocr_line' id='line_1_5' title="bbox 239 891 306 924; baseline -0.03 0"><span class='ocrx_word' id='word_1_30' title='bbox 239 891 306 924; x_wconf 83' lang='grc'><em>354</em></span> 
     </span>
    </p>
   </div>
   <div class='ocr_carea' id='block_1_5' title="bbox 329 469 1754 862">
    <p class='ocr_par' dir='ltr' id='par_1_5' title="bbox 329 469 1754 862">
     <span class='ocr_line' id='line_1_6' title="bbox 329 469 1751 528; baseline -0.006 -10"><span class='ocrx_word' id='word_1_31' title='bbox 329 478 403 518; x_wconf 80' lang='grc' dir='ltr'><em>καὶ</em></span> <span class='ocrx_word' id='word_1_32' title='bbox 426 469 586 525; x_wconf 82' lang='grc' dir='ltr'><em>τάλλα;</em></span> <span class='ocrx_word' id='word_1_33' title='bbox 616 472 724 528; x_wconf 82' lang='grc' dir='ltr'><em>Ἐγῶ</em></span> <span class='ocrx_word' id='word_1_34' title='bbox 746 473 828 527; x_wconf 77' lang='grc' dir='ltr'><em>μὲν</em></span> <span class='ocrx_word' id='word_1_35' title='bbox 847 470 983 527; x_wconf 81' lang='grc' dir='ltr'><em>οἶμαι,</em></span> <span class='ocrx_word' id='word_1_36' title='bbox 1015 474 1099 526; x_wconf 78' lang='grc' dir='ltr'><em>ἔφη</em></span> <span class='ocrx_word' id='word_1_37' title='bbox 1123 469 1145 513; x_wconf 98' lang='lat'><em>6</em></span> <span class='ocrx_word' id='word_1_38' title='bbox 1167 470 1482 524; x_wconf 79' lang='grc' dir='ltr'><em>Πρωταγόρας,</em></span> <span class='ocrx_word' id='word_1_39' title='bbox 1515 469 1620 519; x_wconf 78' lang='grc' dir='ltr'><em>τούς</em></span> <span class='ocrx_word' id='word_1_40' title='bbox 1640 472 1751 512; x_wconf 87' lang='grc' dir='ltr'><em>πολ-</em></span> 
     </span>
     <span class='ocr_line' id='line_1_7' title="bbox 329 536 1751 594; baseline -0.006 -8"><span class='ocrx_word' id='word_1_41' title='bbox 329 543 436 593; x_wconf 74' lang='grc' dir='ltr'><em>λοὺς</em></span> <span class='ocrx_word' id='word_1_42' title='bbox 466 541 523 584; x_wconf 70' lang='grc' dir='ltr'><em>ἂν</em></span> <span class='ocrx_word' id='word_1_43' title='bbox 553 545 692 584; x_wconf 84' lang='grc' dir='ltr'><em>ταῦτα</em></span> <span class='ocrx_word' id='word_1_44' title='bbox 723 539 1065 594; x_wconf 80' lang='grc' dir='ltr'><em>ἀποκρίνασθαι.</em></span> <span class='ocrx_word' id='word_1_45' title='bbox 1129 536 1310 581; x_wconf 80' lang='grc' dir='ltr'><em>Οὐκοῦν</em></span> <span class='ocrx_word' id='word_1_46' title='bbox 1341 538 1506 586; x_wconf 83' lang='grc' dir='ltr'><strong><em>νόσους</em></strong></span> <span class='ocrx_word' id='word_1_47' title='bbox 1536 539 1751 578; x_wconf 88' lang='grc' dir='ltr'><em>ποιοῦντα</em></span> 
     </span>
     <span class='ocr_line' id='line_1_8' title="bbox 329 601 1754 662; baseline -0.006 -9"><span class='ocrx_word' id='word_1_48' title='bbox 329 611 458 660; x_wconf 90' lang='grc' dir='ltr'><em>ἀνίας</em></span> <span class='ocrx_word' id='word_1_49' title='bbox 487 616 620 662; x_wconf 83' lang='grc' dir='ltr'><em>ποιεῖ,</em></span> <span class='ocrx_word' id='word_1_50' title='bbox 653 609 727 650; x_wconf 81' lang='grc' dir='ltr'><em>καὶ</em></span> <span class='ocrx_word' id='word_1_51' title='bbox 758 610 914 656; x_wconf 80' lang='grc' dir='ltr'><em>πενίας</em></span> <span class='ocrx_word' id='word_1_52' title='bbox 935 609 1153 649; x_wconf 84' lang='grc' dir='ltr'><em>ποιοῦντα</em></span> <span class='ocrx_word' id='word_1_53' title='bbox 1175 604 1305 655; x_wconf 85' lang='grc' dir='ltr'><em>ἀνίας</em></span> <span class='ocrx_word' id='word_1_54' title='bbox 1324 612 1461 653; x_wconf 74' lang='grc' dir='ltr'><em>ποιεῖς</em></span> <span class='ocrx_word' id='word_1_55' title='bbox 1494 601 1754 658; x_wconf 77' lang='grc' dir='ltr'><em>ὁμολογοῖεν</em></span> 
     </span>
     <span class='ocr_line' id='line_1_9' title="bbox 329 670 1754 754; baseline -0.006 -34"><span class='ocrx_word' id='word_1_56' title='bbox 329 675 400 731; x_wconf 73' lang='grc' dir='ltr'><em>ἂν,</em></span> <span class='ocrx_word' id='word_1_57' title='bbox 433 676 492 727; x_wconf 79' lang='grc' dir='ltr'><em>ὠς</em></span> <span class='ocrx_word' id='word_1_58' title='bbox 523 672 704 732; x_wconf 84' lang='grc' dir='ltr'><em>ε’γῶμαι.</em></span> <span class='ocrx_word' id='word_1_59' title='bbox 757 676 943 729; x_wconf 85' lang='grc' dir='ltr'><em>Συνέφη</em></span> <span class='ocrx_word' id='word_1_60' title='bbox 967 672 989 715; x_wconf 93' lang='lat'><em>6</em></span> <span class='ocrx_word' id='word_1_61' title='bbox 1011 673 1329 754; x_wconf 78' lang='grc' dir='ltr'><em>Πρωταγόρας.</em></span> <span class='ocrx_word' id='word_1_62' title='bbox 1378 670 1562 714; x_wconf 84' lang='grc' dir='ltr'><em>Οὐκοῦν</em></span> <span class='ocrx_word' id='word_1_63' title='bbox 1593 673 1754 725; x_wconf 91' lang='grc' dir='ltr'><em>φαίνε-</em></span> 
     </span>
     <span class='ocr_line' id='line_1_10' title="bbox 329 739 1753 797; baseline -0.006 -10"><span class='ocrx_word' id='word_1_64' title='bbox 329 761 412 797; x_wconf 89' lang='grc' dir='ltr'><em>ται,</em></span> <span class='ocrx_word' id='word_1_65' title='bbox 438 745 470 787; x_wconf 79' lang='grc' dir='ltr'><em>ὠ</em></span> <span class='ocrx_word' id='word_1_66' title='bbox 493 743 747 797; x_wconf 81' lang='grc' dir='ltr'><em>ἄνθρωποι,</em></span> <span class='ocrx_word' id='word_1_67' title='bbox 770 741 892 795; x_wconf 81' lang='grc' dir='ltr'><em>ὑμῖν,</em></span> <span class='ocrx_word' id='word_1_68' title='bbox 915 739 974 791; x_wconf 81' lang='grc' dir='ltr'><em>ῶς</em></span> <span class='ocrx_word' id='word_1_69' title='bbox 995 756 1143 795; x_wconf 90' lang='grc' dir='ltr'><em>φαμεν</em></span> <span class='ocrx_word' id='word_1_70' title='bbox 1167 739 1254 794; x_wconf 75' lang='grc' dir='ltr'><em>ἐγώ</em></span> <span class='ocrx_word' id='word_1_71' title='bbox 1274 756 1321 782; x_wconf 89' lang='grc' dir='ltr'><em>τε</em></span> <span class='ocrx_word' id='word_1_72' title='bbox 1343 741 1415 781; x_wconf 83' lang='grc' dir='ltr'><em>καὶ</em></span> <span class='ocrx_word' id='word_1_73' title='bbox 1432 739 1753 792; x_wconf 73' lang='grc' dir='ltr'><em>Πρωταγόρας,</em></span> 
     </span>
     <span class='ocr_line' id='line_1_11' title="bbox 331 804 1754 862; baseline -0.005 -8"><span class='ocrx_word' id='word_1_74' title='bbox 331 811 389 855; x_wconf 82' lang='grc' dir='ltr'><em>δι’</em></span> <span class='ocrx_word' id='word_1_75' title='bbox 433 811 571 854; x_wconf 77' lang='grc' dir='ltr'><em>οὐδὲν</em></span> <span class='ocrx_word' id='word_1_76' title='bbox 610 810 719 853; x_wconf 80' lang='grc' dir='ltr'><em>ἄλλο</em></span> <span class='ocrx_word' id='word_1_77' title='bbox 761 813 901 851; x_wconf 87' lang='grc' dir='ltr'><em>ταῦτα</em></span> <span class='ocrx_word' id='word_1_78' title='bbox 940 807 1054 850; x_wconf 79' lang='grc' dir='ltr'><em>κακὰ</em></span> <span class='ocrx_word' id='word_1_79' title='bbox 1092 807 1201 849; x_wconf 83' lang='grc' dir='ltr'><em>ὄντα</em></span> <span class='ocrx_word' id='word_1_80' title='bbox 1237 806 1265 862; x_wconf 79' lang='grc' dir='ltr'><em>ἢ</em></span> <span class='ocrx_word' id='word_1_81' title='bbox 1304 807 1418 849; x_wconf 82' lang='grc' dir='ltr'><em>διότι</em></span> <span class='ocrx_word' id='word_1_82' title='bbox 1459 818 1519 855; x_wconf 82' lang='grc' dir='ltr'><em>εις</em></span> <span class='ocrx_word' id='word_1_83' title='bbox 1549 804 1677 855; x_wconf 80' lang='grc' dir='ltr'><em>άνιας</em></span> <span class='ocrx_word' id='word_1_84' title='bbox 1707 819 1754 847; x_wconf 88' lang='grc' dir='ltr'><em>τε</em></span> 
     </span>
    </p>
   </div>
   <div class='ocr_carea' id='block_1_6' title="bbox 1780 558 1796 585">
    <p class='ocr_par' dir='ltr' id='par_1_6' title="bbox 1780 558 1796 585">
     <span class='ocr_line' id='line_1_12' title="bbox 1780 558 1796 585; baseline 0 0"><span class='ocrx_word' id='word_1_85' title='bbox 1780 558 1796 585; x_wconf 92' lang='grc'>5</span> 
     </span>
    </p>
   </div>
   <div class='ocr_carea' id='block_1_7' title="bbox 331 871 1801 934">
    <p class='ocr_par' dir='ltr' id='par_1_7' title="bbox 331 871 1801 934">
     <span class='ocr_line' id='line_1_13' title="bbox 331 871 1801 934; baseline -0.006 -12"><span class='ocrx_word' id='word_1_86' title='bbox 331 879 605 934; x_wconf 77' lang='grc' dir='ltr'><em>ἀποτελευτᾷ</em></span> <span class='ocrx_word' id='word_1_87' title='bbox 636 894 711 919; x_wconf 82' lang='grc' dir='ltr'><em>και</em></span> <span class='ocrx_word' id='word_1_88' title='bbox 732 876 881 919; x_wconf 87' lang='grc' dir='ltr'><em>άλλων</em></span> <span class='ocrx_word' id='word_1_89' title='bbox 902 874 1082 931; x_wconf 80' lang='grc' dir='ltr'><em>ἡδονῶν</em></span> <span class='ocrx_word' id='word_1_90' title='bbox 1104 874 1363 929; x_wconf 81' lang='grc' dir='ltr'><em>ἀποστερεῖ;</em></span> <span class='ocrx_word' id='word_1_91' title='bbox 1396 873 1658 928; x_wconf 77' lang='grc' dir='ltr'><em>ὁμολογοῖεν</em></span> <span class='ocrx_word' id='word_1_92' title='bbox 1679 871 1749 913; x_wconf 77' lang='grc' dir='ltr'><em>ἄν.</em></span> <span class='ocrx_word' id='word_1_93' title='bbox 1770 896 1801 922; x_wconf 79' lang='lat'><em>10</em></span> 
     </span>
    </p>
   </div>
   <div class='ocr_carea' id='block_1_8' title="bbox 968 938 1754 1064">
    <p class='ocr_par' dir='ltr' id='par_1_8' title="bbox 968 938 1753 1064">
     <span class='ocr_line' id='line_1_14' title="bbox 1016 938 1751 990; baseline -0.004 -6"><span class='ocrx_word' id='word_1_94' title='bbox 1016 942 1200 984; x_wconf 81' lang='grc' dir='ltr'><em>Οὐκοῦν</em></span> <span class='ocrx_word' id='word_1_95' title='bbox 1241 944 1378 984; x_wconf 87' lang='grc' dir='ltr'><em>πάλιν</em></span> <span class='ocrx_word' id='word_1_96' title='bbox 1418 943 1474 982; x_wconf 83' lang='grc' dir='ltr'><em>αὐ</em></span> <span class='ocrx_word' id='word_1_97' title='bbox 1507 938 1672 990; x_wconf 82' lang='grc' dir='ltr'><em>αὐτοὺς</em></span> <span class='ocrx_word' id='word_1_98' title='bbox 1702 954 1751 981; x_wconf 84' lang='grc' dir='ltr'><em>το</em></span> 
     </span>
     <span class='ocr_line' id='line_1_15' title="bbox 968 1000 1754 1064; baseline -0.004 -14"><span class='ocrx_word' id='word_1_99' title='bbox 968 1003 1002 1050; x_wconf 86' lang='grc' dir='ltr'><em>ῶ</em></span> <span class='ocrx_word' id='word_1_100' title='bbox 1047 1008 1283 1064; x_wconf 82' lang='grc' dir='ltr'><em>άνθρωποι</em></span> <span class='ocrx_word' id='word_1_101' title='bbox 1335 1009 1380 1050; x_wconf 81' lang='grc' dir='ltr'><em>οἱ</em></span> <span class='ocrx_word' id='word_1_102' title='bbox 1426 1007 1631 1061; x_wconf 86' lang='grc' dir='ltr'><em>λέγοντες</em></span> <span class='ocrx_word' id='word_1_103' title='bbox 1695 1000 1754 1048; x_wconf 77' lang='grc' dir='ltr'><em>αὖ</em></span> 
     </span>
    </p>
   </div>
   <div class='ocr_carea' id='block_1_9' title="bbox 330 943 950 1066">
    <p class='ocr_par' dir='ltr' id='par_1_9' title="bbox 330 943 950 1066">
     <span class='ocr_line' id='line_1_16' title="bbox 330 943 950 999; baseline -0.008 -9"><span class='ocrx_word' id='word_1_104' title='bbox 330 946 582 990; x_wconf 84' lang='grc' dir='ltr'><em>Συνεδόκει</em></span> <span class='ocrx_word' id='word_1_105' title='bbox 620 944 728 999; x_wconf 80' lang='grc' dir='ltr'><em>ἡμῖν</em></span> <span class='ocrx_word' id='word_1_106' title='bbox 768 943 950 999; x_wconf 80' lang='grc' dir='ltr'><em>ἀμφοῖν.</em></span> 
     </span>
     <span class='ocr_line' id='line_1_17' title="bbox 331 1013 914 1066; baseline -0.007 -10"><span class='ocrx_word' id='word_1_107' title='bbox 331 1016 541 1057; x_wconf 83' lang='grc' dir='ltr'><em>ἐναντίον</em></span> <span class='ocrx_word' id='word_1_108' title='bbox 592 1014 632 1053; x_wconf 79' lang='grc' dir='ltr'><em>εἰ</em></span> <span class='ocrx_word' id='word_1_109' title='bbox 681 1013 914 1066; x_wconf 80' lang='grc' dir='ltr'><em>ἐροίμεθα</em></span> 
     </span>
    </p>
   </div>
   <div class='ocr_carea' id='block_1_10' title="bbox 331 1071 1872 1135">
    <p class='ocr_par' dir='ltr' id='par_1_10' title="bbox 331 1071 1872 1135">
     <span class='ocr_line' id='line_1_18' title="bbox 331 1071 1872 1135; baseline -0.006 -12"><span class='ocrx_word' id='word_1_110' title='bbox 331 1079 480 1135; x_wconf 79' lang='grc' dir='ltr'><em>ἀγαθά</em></span> <span class='ocrx_word' id='word_1_111' title='bbox 519 1078 680 1133; x_wconf 76' lang='grc' dir='ltr'><em>ἀνιαρά</em></span> <span class='ocrx_word' id='word_1_112' title='bbox 715 1076 847 1132; x_wconf 79' lang='grc' dir='ltr'><em>εἶναι,</em></span> <span class='ocrx_word' id='word_1_113' title='bbox 887 1071 974 1132; x_wconf 78' lang='grc' dir='ltr'><em>ἀρα</em></span> <span class='ocrx_word' id='word_1_114' title='bbox 1005 1075 1059 1118; x_wconf 83' lang='grc' dir='ltr'><em>οὐ</em></span> <span class='ocrx_word' id='word_1_115' title='bbox 1098 1075 1151 1118; x_wconf 75' lang='grc' dir='ltr'><em>τοὶ</em></span> <span class='ocrx_word' id='word_1_116' title='bbox 1190 1075 1341 1118; x_wconf 83' lang='grc' dir='ltr'><em>τοιάδε</em></span> <span class='ocrx_word' id='word_1_117' title='bbox 1372 1075 1536 1129; x_wconf 78' lang='grc' dir='ltr'><em>λέγετε,</em></span> <span class='ocrx_word' id='word_1_118' title='bbox 1576 1076 1674 1116; x_wconf 84' lang='grc' dir='ltr'><em>οἱον</em></span> <span class='ocrx_word' id='word_1_119' title='bbox 1703 1071 1784 1114; x_wconf 87' lang='grc' dir='ltr'><em>τά</em></span> <span class='ocrx_word' id='word_1_120' title='bbox 1805 1092 1812 1096; x_wconf 72' lang='grc'>’</span> <span class='ocrx_word' id='word_1_121' title='bbox 1866 1092 1872 1096; x_wconf 64' lang='grc'><strong><em>’</em></strong></span> 
     </span>
    </p>
   </div>
   <div class='ocr_carea' id='block_1_11' title="bbox 331 1140 1757 1202">
    <p class='ocr_par' dir='ltr' id='par_1_11' title="bbox 331 1140 1757 1202">
     <span class='ocr_line' id='line_1_19' title="bbox 331 1140 1757 1202; baseline -0.006 -12"><span class='ocrx_word' id='word_1_122' title='bbox 331 1164 377 1190; x_wconf 90' lang='grc' dir='ltr'><em>τε</em></span> <span class='ocrx_word' id='word_1_123' title='bbox 407 1150 633 1202; x_wconf 87' lang='grc' dir='ltr'><em>γυμνάσια</em></span> <span class='ocrx_word' id='word_1_124' title='bbox 665 1146 739 1188; x_wconf 80' lang='grc' dir='ltr'><em>καὶ</em></span> <span class='ocrx_word' id='word_1_125' title='bbox 768 1144 847 1195; x_wconf 82' lang='grc' dir='ltr'><em>τάς</em></span> <span class='ocrx_word' id='word_1_126' title='bbox 877 1146 1110 1199; x_wconf 86' lang='grc' dir='ltr'><em>στρατείας</em></span> <span class='ocrx_word' id='word_1_127' title='bbox 1139 1144 1213 1185; x_wconf 83' lang='grc' dir='ltr'><em>καὶ</em></span> <span class='ocrx_word' id='word_1_128' title='bbox 1244 1142 1322 1192; x_wconf 73' lang='grc' dir='ltr'><em>τοὶς</em></span> <span class='ocrx_word' id='word_1_129' title='bbox 1351 1140 1438 1184; x_wconf 80' lang='grc' dir='ltr'><em>ὑπὸ</em></span> <span class='ocrx_word' id='word_1_130' title='bbox 1468 1143 1559 1183; x_wconf 88' lang='grc' dir='ltr'><em>τῶν</em></span> <span class='ocrx_word' id='word_1_131' title='bbox 1590 1143 1757 1194; x_wconf 77' lang='grc' dir='ltr'><em>ἰατρῶν</em></span> 
     </span>
    </p>
   </div>
   <div class='ocr_carea' id='block_1_12' title="bbox 329 1211 1804 1297">
    <p class='ocr_par' dir='ltr' id='par_1_12' title="bbox 329 1211 1804 1297">
     <span class='ocr_line' id='line_1_20' title="bbox 329 1211 1804 1297; baseline -0.005 -40"><span class='ocrx_word' id='word_1_132' title='bbox 329 1217 576 1297; x_wconf 78' lang='grc' dir='ltr'><em>θεραπείας</em></span> <span class='ocrx_word' id='word_1_133' title='bbox 595 1213 672 1263; x_wconf 84' lang='grc' dir='ltr'><em>τὰς</em></span> <span class='ocrx_word' id='word_1_134' title='bbox 696 1212 769 1254; x_wconf 92' lang='grc' dir='ltr'><em>δια</em></span> <span class='ocrx_word' id='word_1_135' title='bbox 787 1213 996 1255; x_wconf 82' lang='grc' dir='ltr'><em>καύσεῶν</em></span> <span class='ocrx_word' id='word_1_136' title='bbox 1016 1227 1063 1253; x_wconf 91' lang='grc' dir='ltr'><em>τε</em></span> <span class='ocrx_word' id='word_1_137' title='bbox 1085 1227 1159 1253; x_wconf 85' lang='grc' dir='ltr'><em>και</em></span> <span class='ocrx_word' id='word_1_138' title='bbox 1180 1213 1330 1265; x_wconf 86' lang='grc' dir='ltr'><em>τομῶν</em></span> <span class='ocrx_word' id='word_1_139' title='bbox 1359 1211 1433 1251; x_wconf 85' lang='grc' dir='ltr'><em>καὶ</em></span> <span class='ocrx_word' id='word_1_140' title='bbox 1464 1211 1754 1290; x_wconf 80' lang='grc' dir='ltr'><em>φαρμακειῶν</em></span> <span class='ocrx_word' id='word_1_141' title='bbox 1771 1231 1804 1258; x_wconf 84' lang='lat'><em>15</em></span> 
     </span>
    </p>
   </div>
   <div class='ocr_carea' id='block_1_13' title="bbox 332 1275 1757 1404">
    <p class='ocr_par' dir='ltr' id='par_1_13' title="bbox 332 1275 1757 1404">
     <span class='ocr_line' id='line_1_21' title="bbox 332 1275 1754 1362; baseline -0.006 -37"><span class='ocrx_word' id='word_1_142' title='bbox 332 1283 407 1325; x_wconf 79' lang='grc' dir='ltr'><em>καὶ</em></span> <span class='ocrx_word' id='word_1_143' title='bbox 437 1285 734 1362; x_wconf 86' lang='grc' dir='ltr'><em>λιμοκτονιῶν</em></span> <span class='ocrx_word' id='word_1_144' title='bbox 763 1280 1045 1334; x_wconf 78' lang='grc' dir='ltr'><em>γιγνομένας,</em></span> <span class='ocrx_word' id='word_1_145' title='bbox 1078 1277 1147 1320; x_wconf 85' lang='grc' dir='ltr'><em>ὅτι</em></span> <span class='ocrx_word' id='word_1_146' title='bbox 1178 1282 1318 1320; x_wconf 85' lang='grc' dir='ltr'><em>ταῦτα</em></span> <span class='ocrx_word' id='word_1_147' title='bbox 1341 1275 1491 1331; x_wconf 78' lang='grc' dir='ltr'><em>ἀγαθά</em></span> <span class='ocrx_word' id='word_1_148' title='bbox 1512 1277 1594 1331; x_wconf 87' lang='grc' dir='ltr'><em>μέν</em></span> <span class='ocrx_word' id='word_1_149' title='bbox 1616 1275 1754 1329; x_wconf 81' lang='grc' dir='ltr'><em>ἐστιν,</em></span> 
     </span>
     <span class='ocr_line' id='line_1_22' title="bbox 333 1344 1757 1404; baseline -0.006 -12"><span class='ocrx_word' id='word_1_150' title='bbox 333 1349 498 1404; x_wconf 85' lang='grc' dir='ltr'><em>ἀνιαρα</em></span> <span class='ocrx_word' id='word_1_151' title='bbox 537 1350 605 1397; x_wconf 87' lang='grc' dir='ltr'><em>δέ;</em></span> <span class='ocrx_word' id='word_1_152' title='bbox 647 1356 781 1403; x_wconf 78' lang='grc' dir='ltr'><em>φαῖεν</em></span> <span class='ocrx_word' id='word_1_153' title='bbox 821 1346 899 1398; x_wconf 88' lang='grc' dir='ltr'><em>άν,·</em></span> <span class='ocrx_word' id='word_1_154' title='bbox 939 1345 1201 1388; x_wconf 83' lang='grc' dir='ltr'><em>Συνεδόκει.</em></span> <span class='ocrx_word' id='word_1_155' title='bbox 1264 1345 1469 1399; x_wconf 87' lang='grc' dir='ltr'><em>Πότερον</em></span> <span class='ocrx_word' id='word_1_156' title='bbox 1515 1344 1599 1386; x_wconf 86' lang='grc' dir='ltr'><em>οὐν</em></span> <span class='ocrx_word' id='word_1_157' title='bbox 1644 1358 1757 1385; x_wconf 80' lang='grc' dir='ltr'><em>κατα</em></span> 
     </span>
    </p>
   </div>
   <div class='ocr_carea' id='block_1_14' title="bbox 286 1408 1759 1471">
    <p class='ocr_par' dir='ltr' id='par_1_14' title="bbox 286 1408 1759 1471">
     <span class='ocr_line' id='line_1_23' title="bbox 286 1408 1759 1471; baseline -0.005 -11"><span class='ocrx_word' id='word_1_158' title='bbox 286 1418 435 1460; x_wconf 89' lang='grc' dir='ltr'><em>Βτόδε</em></span> <span class='ocrx_word' id='word_1_159' title='bbox 466 1415 618 1471; x_wconf 76' lang='grc' dir='ltr'><em>ἀγαθοὶ</em></span> <span class='ocrx_word' id='word_1_160' title='bbox 649 1414 760 1458; x_wconf 85' lang='grc' dir='ltr'><em>αὐτὰ</em></span> <span class='ocrx_word' id='word_1_161' title='bbox 790 1417 979 1466; x_wconf 83' lang='grc' dir='ltr'><em>καλεῖτε,</em></span> <span class='ocrx_word' id='word_1_162' title='bbox 1012 1412 1081 1456; x_wconf 82' lang='grc' dir='ltr'><em>ὅτι</em></span> <span class='ocrx_word' id='word_1_163' title='bbox 1113 1414 1163 1456; x_wconf 84' lang='grc' dir='ltr'><em>ἐν</em></span> <span class='ocrx_word' id='word_1_164' title='bbox 1193 1416 1254 1469; x_wconf 77' lang='grc' dir='ltr'><em>τῷ</em></span> <span class='ocrx_word' id='word_1_165' title='bbox 1286 1415 1554 1467; x_wconf 87' lang='grc' dir='ltr'><em>παραχρῆμα</em></span> <span class='ocrx_word' id='word_1_166' title='bbox 1594 1408 1759 1459; x_wconf 82' lang='grc' dir='ltr'><em>ὀδύνας</em></span> 
     </span>
    </p>
   </div>
   <div class='ocr_carea' id='block_1_15' title="bbox 331 1477 1757 1539">
    <p class='ocr_par' dir='ltr' id='par_1_15' title="bbox 331 1477 1757 1539">
     <span class='ocr_line' id='line_1_24' title="bbox 331 1477 1757 1539; baseline -0.006 -12"><span class='ocrx_word' id='word_1_167' title='bbox 331 1484 407 1534; x_wconf 82' lang='grc' dir='ltr'><em>τὰς</em></span> <span class='ocrx_word' id='word_1_168' title='bbox 439 1484 625 1539; x_wconf 77' lang='grc' dir='ltr'><em>ἐσχάτας</em></span> <span class='ocrx_word' id='word_1_169' title='bbox 655 1483 836 1537; x_wconf 83' lang='grc' dir='ltr'><em>παρέχει</em></span> <span class='ocrx_word' id='word_1_170' title='bbox 867 1481 942 1523; x_wconf 83' lang='grc' dir='ltr'><em>καὶ</em></span> <span class='ocrx_word' id='word_1_171' title='bbox 973 1479 1236 1535; x_wconf 79' lang='grc' dir='ltr'><em>ἀλγηδόνας,</em></span> <span class='ocrx_word' id='word_1_172' title='bbox 1270 1478 1298 1535; x_wconf 79' lang='grc' dir='ltr'><em>ἢ</em></span> <span class='ocrx_word' id='word_1_173' title='bbox 1331 1478 1396 1521; x_wconf 83' lang='grc' dir='ltr'><em>ὅτι</em></span> <span class='ocrx_word' id='word_1_174' title='bbox 1429 1480 1490 1528; x_wconf 82' lang='grc' dir='ltr'><em>εἰς</em></span> <span class='ocrx_word' id='word_1_175' title='bbox 1523 1479 1602 1520; x_wconf 83' lang='grc' dir='ltr'><em>τὸν</em></span> <span class='ocrx_word' id='word_1_176' title='bbox 1625 1477 1757 1520; x_wconf 82' lang='grc' dir='ltr'><em>ὕστε-</em></span> 
     </span>
    </p>
   </div>
   <div class='ocr_carea' id='block_1_16' title="bbox 334 1544 1806 1607">
    <p class='ocr_par' dir='ltr' id='par_1_16' title="bbox 334 1544 1806 1607">
     <span class='ocr_line' id='line_1_25' title="bbox 334 1544 1806 1607; baseline -0.006 -12"><span class='ocrx_word' id='word_1_177' title='bbox 334 1569 415 1605; x_wconf 90' lang='grc' dir='ltr'><em>ρον</em></span> <span class='ocrx_word' id='word_1_178' title='bbox 447 1553 612 1607; x_wconf 89' lang='grc' dir='ltr'><em>χρόνον</em></span> <span class='ocrx_word' id='word_1_179' title='bbox 642 1549 810 1605; x_wconf 84' lang='grc' dir='ltr'><em>ὑγίειαί</em></span> <span class='ocrx_word' id='word_1_180' title='bbox 835 1564 882 1590; x_wconf 89' lang='grc' dir='ltr'><em>τε</em></span> <span class='ocrx_word' id='word_1_181' title='bbox 913 1547 991 1590; x_wconf 87' lang='grc' dir='ltr'><em>ἀπ’</em></span> <span class='ocrx_word' id='word_1_182' title='bbox 1033 1547 1183 1590; x_wconf 84' lang='grc' dir='ltr'><em>αὐτῶν</em></span> <span class='ocrx_word' id='word_1_183' title='bbox 1219 1550 1451 1601; x_wconf 86' lang='grc' dir='ltr'><em>γίγνονται</em></span> <span class='ocrx_word' id='word_1_184' title='bbox 1484 1545 1558 1588; x_wconf 84' lang='grc' dir='ltr'><em>καὶ</em></span> <span class='ocrx_word' id='word_1_185' title='bbox 1589 1544 1755 1596; x_wconf 82' lang='grc' dir='ltr'><em>εὐεξίαι</em></span> <span class='ocrx_word' id='word_1_186' title='bbox 1773 1568 1806 1595; x_wconf 77' lang='lat'><em>20</em></span> 
     </span>
    </p>
   </div>
   <div class='ocr_carea' id='block_1_17' title="bbox 333 1611 1759 1689">
    <p class='ocr_par' dir='ltr' id='par_1_17' title="bbox 333 1611 1759 1689">
     <span class='ocr_line' id='line_1_26' title="bbox 333 1611 1759 1689; baseline -0.006 -27"><span class='ocrx_word' id='word_1_187' title='bbox 333 1624 424 1662; x_wconf 88' lang='grc' dir='ltr'><em>τῶν</em></span> <span class='ocrx_word' id='word_1_188' title='bbox 456 1619 675 1673; x_wconf 87' lang='grc' dir='ltr'><em>σωμάτων</em></span> <span class='ocrx_word' id='word_1_189' title='bbox 706 1616 779 1659; x_wconf 83' lang='grc' dir='ltr'><em>καὶ</em></span> <span class='ocrx_word' id='word_1_190' title='bbox 809 1620 900 1658; x_wconf 89' lang='grc' dir='ltr'><em>τῶν</em></span> <span class='ocrx_word' id='word_1_191' title='bbox 922 1616 1099 1658; x_wconf 89' lang='grc' dir='ltr'><em>πόλεων</em></span> <span class='ocrx_word' id='word_1_192' title='bbox 1121 1616 1336 1669; x_wconf 84' lang='grc' dir='ltr'><em>σωτηρίαι</em></span> <span class='ocrx_word' id='word_1_193' title='bbox 1359 1615 1433 1655; x_wconf 82' lang='grc' dir='ltr'><em>καὶ</em></span> <span class='ocrx_word' id='word_1_194' title='bbox 1454 1612 1604 1655; x_wconf 73' lang='grc' dir='ltr'><em>ἄλλων</em></span> <span class='ocrx_word' id='word_1_195' title='bbox 1626 1611 1759 1689; x_wconf 84' lang='grc' dir='ltr'><em>ἀρχαὶ</em></span> 
     </span>
    </p>
   </div>
   <div class='ocr_carea' id='block_1_18' title="bbox 334 1745 1760 1934">
    <p class='ocr_par' dir='ltr' id='par_1_18' title="bbox 334 1745 1760 1934">
     <span class='ocr_line' id='line_1_27' title="bbox 449 1745 1757 1794; baseline -0.005 -6"><span class='ocrx_word' id='word_1_196' title='bbox 449 1758 500 1789; x_wconf 87' lang='grc'><em>11.</em></span> <span class='ocrx_word' id='word_1_197' title='bbox 535 1746 590 1787; x_wconf 78' lang='grc' dir='ltr'><em>αὖ</em></span> <span class='ocrx_word' id='word_1_198' title='bbox 623 1752 762 1787; x_wconf 82' lang='lat' dir='ltr'>Schanz</span> <span class='ocrx_word' id='word_1_199' title='bbox 788 1751 949 1785; x_wconf 81' lang='lat' dir='ltr'>correxit</span> <span class='ocrx_word' id='word_1_200' title='bbox 972 1750 1151 1784; x_wconf 86' lang='lat' dir='ltr'>librorum</span> <span class='ocrx_word' id='word_1_201' title='bbox 1176 1748 1396 1793; x_wconf 72' lang='lat' dir='ltr'>scripturam</span> <span class='ocrx_word' id='word_1_202' title='bbox 1427 1745 1757 1794; x_wconf 63' lang='grc' dir='ltr'>ἂν,&lt;]113.11κ]1131111</span> 
     </span>
     <span class='ocr_line' id='line_1_28' title="bbox 334 1793 1760 1849; baseline -0.005 -15"><span class='ocrx_word' id='word_1_203' title='bbox 334 1800 494 1834; x_wconf 78' lang='lat' dir='ltr'>fortasse</span> <span class='ocrx_word' id='word_1_204' title='bbox 531 1798 602 1833; x_wconf 91' lang='lat' dir='ltr'><em>hoc</em></span> <span class='ocrx_word' id='word_1_205' title='bbox 630 1799 808 1839; x_wconf 82' lang='lat' dir='ltr'>tanquam</span> <span class='ocrx_word' id='word_1_206' title='bbox 834 1807 879 1831; x_wconf 82' lang='lat' dir='ltr'>ex</span> <span class='ocrx_word' id='word_1_207' title='bbox 905 1795 1162 1849; x_wconf 74' lang='lat' dir='ltr'>dittographia</span> <span class='ocrx_word' id='word_1_208' title='bbox 1188 1795 1310 1829; x_wconf 84' lang='lat' dir='ltr'>ortum</span> <span class='ocrx_word' id='word_1_209' title='bbox 1335 1805 1484 1838; x_wconf 80' lang='lat' dir='ltr'>prorsus</span> <span class='ocrx_word' id='word_1_210' title='bbox 1509 1793 1760 1828; x_wconf 87' lang='lat' dir='ltr'>inducendum</span> 
     </span>
     <span class='ocr_line' id='line_1_29' title="bbox 334 1838 1758 1895; baseline -0.004 -16"><span class='ocrx_word' id='word_1_211' title='bbox 334 1846 402 1879; x_wconf 64' lang='lat' dir='ltr'><em>est</em></span> <span class='ocrx_word' id='word_1_212' title='bbox 485 1848 535 1880; x_wconf 80' lang='lat'>14</span> <span class='ocrx_word' id='word_1_213' title='bbox 567 1844 820 1895; x_wconf 84' lang='grc' dir='ltr'><em>στρατείας</em></span> <span class='ocrx_word' id='word_1_214' title='bbox 850 1841 899 1875; x_wconf 85' lang='lat' dir='ltr'><em>T:</em></span> <span class='ocrx_word' id='word_1_215' title='bbox 933 1841 1115 1884; x_wconf 81' lang='grc' dir='ltr'><em>στρατιὰς</em></span> <span class='ocrx_word' id='word_1_216' title='bbox 1146 1839 1186 1876; x_wconf 92' lang='grc' dir='ltr'><em>Β.</em></span> <span class='ocrx_word' id='word_1_217' title='bbox 1283 1844 1335 1874; x_wconf 87' lang='grc'><em>15.</em></span> <span class='ocrx_word' id='word_1_218' title='bbox 1369 1853 1462 1883; x_wconf 85' lang='grc' dir='ltr'><em>φρα</em></span> <span class='ocrx_word' id='word_1_219' title='bbox 1443 1840 1678 1889; x_wconf 78' lang='grc' dir='ltr'><em>ρμακειῶν</em></span> <span class='ocrx_word' id='word_1_220' title='bbox 1710 1838 1758 1872; x_wconf 82' lang='lat' dir='ltr'><em>T:</em></span> 
     </span>
     <span class='ocr_line' id='line_1_30' title="bbox 334 1880 1758 1934; baseline -0.006 -9"><span class='ocrx_word' id='word_1_221' title='bbox 334 1887 548 1934; x_wconf 77' lang='grc' dir='ltr'><em>φαρμάκων</em></span> <span class='ocrx_word' id='word_1_222' title='bbox 565 1888 605 1922; x_wconf 92' lang='grc' dir='ltr'><em>Β.</em></span> <span class='ocrx_word' id='word_1_223' title='bbox 666 1891 718 1923; x_wconf 79' lang='lat'><em>21.</em></span> <span class='ocrx_word' id='word_1_224' title='bbox 745 1883 771 1920; x_wconf 61' lang='grc' dir='ltr'><em>οἵ</em></span> <span class='ocrx_word' id='word_1_225' title='bbox 784 1889 898 1921; x_wconf 79' lang='grc' dir='ltr'><em>λλων</em></span> <span class='ocrx_word' id='word_1_226' title='bbox 924 1885 1040 1920; x_wconf 84' lang='lat' dir='ltr'>deleri</span> <span class='ocrx_word' id='word_1_227' title='bbox 1064 1886 1129 1920; x_wconf 84' lang='lat' dir='ltr'><em>aut</em></span> <span class='ocrx_word' id='word_1_228' title='bbox 1154 1880 1268 1919; x_wconf 81' lang='grc' dir='ltr'><em>άλλαι</em></span> <span class='ocrx_word' id='word_1_229' title='bbox 1293 1884 1405 1919; x_wconf 83' lang='lat' dir='ltr'>scribi</span> <span class='ocrx_word' id='word_1_230' title='bbox 1429 1884 1546 1919; x_wconf 87' lang='lat' dir='ltr'>voluit</span> <span class='ocrx_word' id='word_1_231' title='bbox 1563 1883 1758 1920; x_wconf 81' lang='lat' dir='ltr'>Heindorf.</span> 
     </span>
    </p>
   </div>
   <div class='ocr_carea' id='block_1_19' title="bbox 1245 2002 1260 2016">
    <p class='ocr_par' dir='ltr' id='par_1_19' title="bbox 1245 2002 1260 2016">
     <span class='ocr_line' id='line_1_31' title="bbox 1245 2002 1260 2016; baseline 0 -3"><span class='ocrx_word' id='word_1_232' title='bbox 1245 2002 1260 2016; x_wconf 73' lang='lat' dir='ltr'><em>q·</em></span> 
     </span>
    </p>
   </div>
   <div class='ocr_carea' id='block_1_20' title="bbox 1080 2004 1761 2196">
    <p class='ocr_par' dir='ltr' id='par_1_20' title="bbox 1080 2004 1761 2184">
     <span class='ocr_line' id='line_1_32' title="bbox 1133 2004 1761 2049; baseline -0.002 -8"><span class='ocrx_word' id='word_1_233' title='bbox 1133 2011 1184 2041; x_wconf 71' lang='lat'><em>12.</em></span> <span class='ocrx_word' id='word_1_234' title='bbox 1231 2021 1258 2041; x_wconf 91' lang='grc' dir='ltr'><em>ω</em></span> <span class='ocrx_word' id='word_1_235' title='bbox 1307 2004 1555 2049; x_wconf 76' lang='grc' dir='ltr'><em>ἄνθρωποι</em></span> <span class='ocrx_word' id='word_1_236' title='bbox 1600 2004 1646 2040; x_wconf 80' lang='grc' dir='ltr'><em>οἷ</em></span> <span class='ocrx_word' id='word_1_237' title='bbox 1693 2004 1761 2040; x_wconf 85' lang='grc' dir='ltr'><em>λε’-</em></span> 
     </span>
     <span class='ocr_line' id='line_1_33' title="bbox 1081 2050 1761 2096; baseline -0.004 -9"><span class='ocrx_word' id='word_1_238' title='bbox 1081 2053 1255 2096; x_wconf 80' lang='grc' dir='ltr'><em>γοντες]</em></span> <span class='ocrx_word' id='word_1_239' title='bbox 1295 2063 1315 2086; x_wconf 93' lang='grc' dir='ltr'><em>ο</em></span> <span class='ocrx_word' id='word_1_240' title='bbox 1353 2063 1448 2094; x_wconf 83' lang='lat' dir='ltr'>vos,</span> <span class='ocrx_word' id='word_1_241' title='bbox 1488 2052 1564 2094; x_wconf 88' lang='lat' dir='ltr'>qui</span> <span class='ocrx_word' id='word_1_242' title='bbox 1598 2050 1761 2085; x_wconf 78' lang='lat' dir='ltr'>dicitis</span> 
     </span>
     <span class='ocr_line' id='line_1_34' title="bbox 1080 2095 1760 2132; baseline -0.001 -2"><span class='ocrx_word' id='word_1_243' title='bbox 1080 2108 1237 2132; x_wconf 78' lang='grc'>11115115</span> <span class='ocrx_word' id='word_1_244' title='bbox 1264 2097 1381 2131; x_wconf 87' lang='lat' dir='ltr'>bona</span> <span class='ocrx_word' id='word_1_245' title='bbox 1399 2108 1495 2132; x_wconf 85' lang='grc'>6556</span> <span class='ocrx_word' id='word_1_246' title='bbox 1513 2096 1694 2131; x_wconf 84' lang='lat' dir='ltr'>acerba</span> <span class='ocrx_word' id='word_1_247' title='bbox 1720 2095 1760 2130; x_wconf 92' lang='lat' dir='ltr'><em>P.</em></span> 
     </span>
     <span class='ocr_line' id='line_1_35' title="bbox 1081 2138 1715 2196; baseline -0.002 -19"><span class='ocrx_word' id='word_1_248' title='bbox 1081 2146 1147 2177; x_wconf 84' lang='lat'><em>337</em></span> <span class='ocrx_word' id='word_1_249' title='bbox 1166 2142 1208 2177; x_wconf 89' lang='lat' dir='ltr'><em>C:</em></span> <span class='ocrx_word' id='word_1_250' title='bbox 1236 2142 1263 2177; x_wconf 83' lang='grc' dir='ltr'><strong><em>ὠ</em></strong></span> <span class='ocrx_word' id='word_1_251' title='bbox 1289 2138 1430 2196; x_wconf 71' lang='grc' dir='ltr'><em>ἄνδρες</em></span> <span class='ocrx_word' id='word_1_252' title='bbox 1456 2140 1492 2176; x_wconf 78' lang='grc' dir='ltr'><em>οἵ</em></span> <span class='ocrx_word' id='word_1_253' title='bbox 1516 2138 1715 2184; x_wconf 82' lang='grc' dir='ltr'><em>παρόντες.</em></span> 
     </span>
    </p>
   </div>
   <div class='ocr_carea' id='block_1_21' title="bbox 334 2009 1012 2189">
    <p class='ocr_par' dir='ltr' id='par_1_21' title="bbox 334 2009 1011 2189">
     <span class='ocr_line' id='line_1_36' title="bbox 335 2009 1011 2054; baseline -0.007 -6"><span class='ocrx_word' id='word_1_254' title='bbox 335 2017 377 2048; x_wconf 86' lang='grc'><em>59</em></span> <span class='ocrx_word' id='word_1_255' title='bbox 404 2013 447 2047; x_wconf 89' lang='lat' dir='ltr'><em>A.</em></span> <span class='ocrx_word' id='word_1_256' title='bbox 488 2016 528 2046; x_wconf 86' lang='grc'><em>61</em></span> <span class='ocrx_word' id='word_1_257' title='bbox 556 2012 596 2047; x_wconf 88' lang='grc' dir='ltr'><em>Ε,</em></span> <span class='ocrx_word' id='word_1_258' title='bbox 637 2014 680 2046; x_wconf 87' lang='grc'><em>63</em></span> <span class='ocrx_word' id='word_1_259' title='bbox 705 2011 748 2045; x_wconf 92' lang='lat' dir='ltr'><em>D.</em></span> <span class='ocrx_word' id='word_1_260' title='bbox 782 2012 819 2044; x_wconf 85' lang='lat' dir='ltr'>et</span> <span class='ocrx_word' id='word_1_261' title='bbox 852 2009 895 2044; x_wconf 86' lang='grc' dir='ltr'><em>δέ</em></span> <span class='ocrx_word' id='word_1_262' title='bbox 925 2010 1011 2054; x_wconf 84' lang='lat' dir='ltr'>post</span> 
     </span>
     <span class='ocr_line' id='line_1_37' title="bbox 336 2054 1009 2102; baseline -0.009 -9"><span class='ocrx_word' id='word_1_263' title='bbox 336 2054 453 2102; x_wconf 85' lang='grc' dir='ltr'><em>όμως,</em></span> <span class='ocrx_word' id='word_1_264' title='bbox 485 2059 527 2091; x_wconf 85' lang='lat' dir='ltr'><em>ut</em></span> <span class='ocrx_word' id='word_1_265' title='bbox 557 2066 684 2100; x_wconf 81' lang='lat' dir='ltr'>saepe,</span> <span class='ocrx_word' id='word_1_266' title='bbox 717 2055 872 2100; x_wconf 80' lang='lat' dir='ltr'>anodosi</span> <span class='ocrx_word' id='word_1_267' title='bbox 905 2054 1009 2088; x_wconf 84' lang='lat' dir='ltr'>addi-</span> 
     </span>
     <span class='ocr_line' id='line_1_38' title="bbox 334 2100 1010 2146; baseline -0.009 -8"><span class='ocrx_word' id='word_1_268' title='bbox 334 2106 426 2139; x_wconf 87' lang='lat' dir='ltr'>tum.</span> <span class='ocrx_word' id='word_1_269' title='bbox 462 2114 496 2137; x_wconf 90' lang='lat' dir='ltr'>v</span> <span class='ocrx_word' id='word_1_270' title='bbox 534 2112 645 2146; x_wconf 84' lang='lat' dir='ltr'>supra</span> <span class='ocrx_word' id='word_1_271' title='bbox 680 2112 715 2145; x_wconf 92' lang='lat' dir='ltr'><em>p.</em></span> <span class='ocrx_word' id='word_1_272' title='bbox 747 2104 812 2134; x_wconf 83' lang='lat'><em>313</em></span> <span class='ocrx_word' id='word_1_273' title='bbox 837 2100 869 2133; x_wconf 94' lang='lat' dir='ltr'><strong>A</strong></span> <span class='ocrx_word' id='word_1_274' title='bbox 905 2101 943 2133; x_wconf 86' lang='lat' dir='ltr'>et</span> <span class='ocrx_word' id='word_1_275' title='bbox 973 2110 1010 2142; x_wconf 87' lang='lat' dir='ltr'><em>p.</em></span> 
     </span>
     <span class='ocr_line' id='line_1_39' title="bbox 336 2143 1012 2189; baseline -0.011 -6"><span class='ocrx_word' id='word_1_276' title='bbox 336 2151 401 2184; x_wconf 82' lang='lat'><em>325</em></span> <span class='ocrx_word' id='word_1_277' title='bbox 428 2146 465 2183; x_wconf 91' lang='lat' dir='ltr'><em>C.</em></span> <span class='ocrx_word' id='word_1_278' title='bbox 519 2146 656 2181; x_wconf 89' lang='lat' dir='ltr'>Locum</span> <span class='ocrx_word' id='word_1_279' title='bbox 692 2145 808 2189; x_wconf 79' lang='lat' dir='ltr'>igitur</span> <span class='ocrx_word' id='word_1_280' title='bbox 842 2145 880 2178; x_wconf 91' lang='lat' dir='ltr'>in</span> <span class='ocrx_word' id='word_1_281' title='bbox 916 2143 1012 2177; x_wconf 87' lang='lat' dir='ltr'>Lati-</span> 
     </span>
    </p>
   </div>
   <div class='ocr_carea' id='block_1_22' title="bbox 335 2188 1020 2901">
    <p class='ocr_par' dir='ltr' id='par_1_22' title="bbox 335 2188 1016 2683">
     <span class='ocr_line' id='line_1_40' title="bbox 335 2188 1012 2230; baseline -0.007 -3"><span class='ocrx_word' id='word_1_282' title='bbox 335 2204 424 2228; x_wconf 88' lang='lat' dir='ltr'><em>num</em></span> <span class='ocrx_word' id='word_1_283' title='bbox 455 2191 506 2226; x_wconf 84' lang='lat' dir='ltr'>sic</span> <span class='ocrx_word' id='word_1_284' title='bbox 539 2191 709 2225; x_wconf 78' lang='lat' dir='ltr'>verteris·</span> <span class='ocrx_word' id='word_1_285' title='bbox 742 2195 752 2211; x_wconf 78' lang='lat'><em>‘</em></span> <span class='ocrx_word' id='word_1_286' title='bbox 764 2200 811 2223; x_wconf 84' lang='lat' dir='ltr'><em>an</em></span> <span class='ocrx_word' id='word_1_287' title='bbox 842 2188 1012 2230; x_wconf 89' lang='lat' dir='ltr'>iucunda,</span> 
     </span>
     <span class='ocr_line' id='line_1_41' title="bbox 337 2235 1013 2278; baseline -0.009 -5"><span class='ocrx_word' id='word_1_288' title='bbox 337 2236 482 2273; x_wconf 77' lang='lat' dir='ltr'>etiamsi</span> <span class='ocrx_word' id='word_1_289' title='bbox 518 2236 609 2270; x_wconf 82' lang='lat' dir='ltr'>nihil</span> <span class='ocrx_word' id='word_1_290' title='bbox 645 2235 722 2269; x_wconf 87' lang='lat' dir='ltr'>tale</span> <span class='ocrx_word' id='word_1_291' title='bbox 753 2235 790 2268; x_wconf 88' lang='lat' dir='ltr'>in</span> <span class='ocrx_word' id='word_1_292' title='bbox 822 2236 1013 2278; x_wconf 79' lang='lat' dir='ltr'>posterum</span> 
     </span>
     <span class='ocr_line' id='line_1_42' title="bbox 338 2278 1014 2326; baseline -0.009 -9"><span class='ocrx_word' id='word_1_293' title='bbox 338 2283 499 2318; x_wconf 85' lang='lat' dir='ltr'>afferunt</span> <span class='ocrx_word' id='word_1_294' title='bbox 516 2281 581 2316; x_wconf 82' lang='lat' dir='ltr'>sed</span> <span class='ocrx_word' id='word_1_295' title='bbox 598 2280 763 2326; x_wconf 83' lang='lat' dir='ltr'>gaudere</span> <span class='ocrx_word' id='word_1_296' title='bbox 788 2281 936 2314; x_wconf 84' lang='lat' dir='ltr'>tantum</span> <span class='ocrx_word' id='word_1_297' title='bbox 960 2278 1014 2311; x_wconf 86' lang='lat' dir='ltr'><em>fa-</em></span> 
     </span>
     <span class='ocr_line' id='line_1_43' title="bbox 337 2323 1016 2369; baseline -0.009 -6"><span class='ocrx_word' id='word_1_298' title='bbox 337 2330 456 2369; x_wconf 87' lang='lat' dir='ltr'>ciunt,</span> <span class='ocrx_word' id='word_1_299' title='bbox 487 2329 614 2361; x_wconf 85' lang='lat' dir='ltr'>tamen</span> <span class='ocrx_word' id='word_1_300' title='bbox 644 2325 745 2359; x_wconf 83' lang='lat' dir='ltr'>mala</span> <span class='ocrx_word' id='word_1_301' title='bbox 777 2325 883 2367; x_wconf 74' lang='lat' dir='ltr'>sunt,</span> <span class='ocrx_word' id='word_1_302' title='bbox 915 2323 1016 2366; x_wconf 86' lang='lat' dir='ltr'>quod</span> 
     </span>
     <span class='ocr_line' id='line_1_44' title="bbox 337 2368 1009 2415; baseline -0.008 -8"><span class='ocrx_word' id='word_1_303' title='bbox 337 2374 392 2408; x_wconf 83' lang='lat' dir='ltr'>ita</span> <span class='ocrx_word' id='word_1_304' title='bbox 423 2373 457 2415; x_wconf 92' lang='lat' dir='ltr'>(i.</span> <span class='ocrx_word' id='word_1_305' title='bbox 486 2383 515 2406; x_wconf 92' lang='lat' dir='ltr'>e.</span> <span class='ocrx_word' id='word_1_306' title='bbox 548 2370 723 2413; x_wconf 86' lang='lat' dir='ltr'>iucunde)</span> <span class='ocrx_word' id='word_1_307' title='bbox 756 2369 931 2403; x_wconf 83' lang='lat' dir='ltr'>affectum</span> <span class='ocrx_word' id='word_1_308' title='bbox 960 2368 1009 2402; x_wconf 82' lang='lat' dir='ltr'><em>fa</em></span> 
     </span>
     <span class='ocr_line' id='line_1_45' title="bbox 338 2417 1017 2460; baseline -0.009 -8"><span class='ocrx_word' id='word_1_309' title='bbox 338 2418 440 2452; x_wconf 89' lang='lat' dir='ltr'>ciunt</span> <span class='ocrx_word' id='word_1_310' title='bbox 487 2417 649 2460; x_wconf 85' lang='lat' dir='ltr'>gaudere</span> <span class='ocrx_word' id='word_1_311' title='bbox 692 2425 911 2457; x_wconf 83' lang='lat' dir='ltr'>quacunque</span> <span class='ocrx_word' id='word_1_312' title='bbox 960 2423 1017 2446; x_wconf 86' lang='lat' dir='ltr'><em>ra-</em></span> 
     </span>
     <span class='ocr_line' id='line_1_46' title="bbox 337 2457 1015 2503; baseline -0.011 -5"><span class='ocrx_word' id='word_1_313' title='bbox 337 2465 467 2498; x_wconf 89' lang='lat' dir='ltr'>tione.</span> <span class='ocrx_word' id='word_1_314' title='bbox 510 2461 659 2496; x_wconf 84' lang='lat' dir='ltr'>Ultimis</span> <span class='ocrx_word' id='word_1_315' title='bbox 678 2460 792 2503; x_wconf 86' lang='lat' dir='ltr'>igitur</span> <span class='ocrx_word' id='word_1_316' title='bbox 810 2459 932 2493; x_wconf 86' lang='lat' dir='ltr'>verbis</span> <span class='ocrx_word' id='word_1_317' title='bbox 950 2457 1015 2492; x_wconf 82' lang='lat' dir='ltr'>ali-</span> 
     </span>
     <span class='ocr_line' id='line_1_47' title="bbox 338 2503 1016 2558; baseline -0.009 -16"><span class='ocrx_word' id='word_1_318' title='bbox 338 2509 477 2558; x_wconf 79' lang='lat' dir='ltr'>quanto</span> <span class='ocrx_word' id='word_1_319' title='bbox 519 2506 728 2540; x_wconf 76' lang='lat' dir='ltr'>accuratius</span> <span class='ocrx_word' id='word_1_320' title='bbox 768 2503 900 2538; x_wconf 85' lang='lat' dir='ltr'>eadem</span> <span class='ocrx_word' id='word_1_321' title='bbox 936 2513 1016 2553; x_wconf 77' lang='lat' dir='ltr'>sen-</span> 
     </span>
     <span class='ocr_line' id='line_1_48' title="bbox 338 2547 1015 2595; baseline -0.009 -8"><span class='ocrx_word' id='word_1_322' title='bbox 338 2552 459 2587; x_wconf 83' lang='lat' dir='ltr'>tentia</span> <span class='ocrx_word' id='word_1_323' title='bbox 483 2551 714 2595; x_wconf 84' lang='lat' dir='ltr'>exprimitur,</span> <span class='ocrx_word' id='word_1_324' title='bbox 742 2559 837 2592; x_wconf 86' lang='lat' dir='ltr'>quae</span> <span class='ocrx_word' id='word_1_325' title='bbox 864 2547 987 2583; x_wconf 85' lang='lat' dir='ltr'>inest</span> <span class='ocrx_word' id='word_1_326' title='bbox 977 2559 1015 2581; x_wconf 93' lang='lat' dir='ltr'><em>1n</em></span> 
     </span>
     <span class='ocr_line' id='line_1_49' title="bbox 338 2591 1016 2642; baseline -0.008 -10"><span class='ocrx_word' id='word_1_327' title='bbox 338 2596 651 2642; x_wconf 73' lang='lat' dir='ltr'>praecedentibus</span> <span class='ocrx_word' id='word_1_328' title='bbox 684 2595 835 2640; x_wconf 81' lang='grc' dir='ltr'><em>χαίρειν</em></span> <span class='ocrx_word' id='word_1_329' title='bbox 873 2591 915 2628; x_wconf 75' lang='grc' dir='ltr'><em>δὲ·</em></span> <span class='ocrx_word' id='word_1_330' title='bbox 949 2593 1016 2637; x_wconf 89' lang='grc' dir='ltr'><em>μό-</em></span> 
     </span>
     <span class='ocr_line' id='line_1_50' title="bbox 339 2640 1014 2692; baseline -0.011 -14"><span class='ocrx_word' id='word_1_331' title='bbox 339 2655 405 2678; x_wconf 86' lang='grc' dir='ltr'><em>νον</em></span> <span class='ocrx_word' id='word_1_332' title='bbox 431 2646 547 2678; x_wconf 78' lang='grc' dir='ltr'><em>ποιεῖ.</em></span> <span class='ocrx_word' id='word_1_333' title='bbox 588 2640 661 2675; x_wconf 81' lang='lat' dir='ltr'>Sed</span> <span class='ocrx_word' id='word_1_334' title='bbox 685 2640 729 2674; x_wconf 88' lang='lat' dir='ltr'><em>cf</em></span> <span class='ocrx_word' id='word_1_335' title='bbox 739 2649 867 2692; x_wconf 82' lang='lat' dir='ltr'>supra</span> <span class='ocrx_word' id='word_1_336' title='bbox 890 2640 1014 2672; x_wconf 84' lang='lat' dir='ltr'>annot</span> 
     </span>
    </p>

    <p class='ocr_par' dir='ltr' id='par_1_23' title="bbox 340 2681 1020 2901">
     <span class='ocr_line' id='line_1_51' title="bbox 388 2681 1018 2721; baseline -0.006 0"><span class='ocrx_word' id='word_1_337' title='bbox 388 2692 417 2721; x_wconf 91' lang='lat' dir='ltr'><em>l.</em></span> <span class='ocrx_word' id='word_1_338' title='bbox 450 2684 522 2721; x_wconf 89' lang='grc' dir='ltr'><em>ότι</em></span> <span class='ocrx_word' id='word_1_339' title='bbox 557 2682 608 2721; x_wconf 79' lang='grc' dir='ltr'><em>οὐ</em></span> <span class='ocrx_word' id='word_1_340' title='bbox 635 2683 750 2720; x_wconf 77' lang='grc' dir='ltr'><em>κατὰ</em></span> <span class='ocrx_word' id='word_1_341' title='bbox 775 2698 805 2721; x_wconf 89' lang='grc' dir='ltr'><em>τ.</em></span> <span class='ocrx_word' id='word_1_342' title='bbox 831 2703 873 2708; x_wconf 90' lang='lat'><em>-—</em></span> <span class='ocrx_word' id='word_1_343' title='bbox 898 2681 1018 2717; x_wconf 79' lang='grc' dir='ltr'><em>κακά</em></span> 
     </span>
     <span class='ocr_line' id='line_1_52' title="bbox 341 2729 1019 2778; baseline -0.009 -11"><span class='ocrx_word' id='word_1_344' title='bbox 341 2729 505 2775; x_wconf 78' lang='grc' dir='ltr'><em>ἐστιν]</em></span> <span class='ocrx_word' id='word_1_345' title='bbox 556 2742 612 2765; x_wconf 87' lang='lat' dir='ltr'>ea</span> <span class='ocrx_word' id='word_1_346' title='bbox 658 2740 755 2764; x_wconf 88' lang='grc'>11011</span> <span class='ocrx_word' id='word_1_347' title='bbox 794 2729 1019 2778; x_wconf 82' lang='lat' dir='ltr'>propter</span> 
     </span>
     <span class='ocr_line' id='line_1_53' title="bbox 340 2772 1020 2826; baseline -0.006 -16"><span class='ocrx_word' id='word_1_348' title='bbox 340 2777 500 2826; x_wconf 87' lang='lat' dir='ltr'>ipsam,</span> <span class='ocrx_word' id='word_1_349' title='bbox 543 2786 659 2819; x_wconf 80' lang='lat' dir='ltr'>quae</span> <span class='ocrx_word' id='word_1_350' title='bbox 698 2775 743 2808; x_wconf 89' lang='lat' dir='ltr'>in</span> <span class='ocrx_word' id='word_1_351' title='bbox 779 2772 1020 2818; x_wconf 75' lang='lat' dir='ltr'>praesenti</span> 
     </span>
     <span class='ocr_line' id='line_1_54' title="bbox 340 2819 1019 2866; baseline -0.007 -10"><span class='ocrx_word' id='word_1_352' title='bbox 340 2821 630 2866; x_wconf 77' lang='lat' dir='ltr'>percipitur,</span> <span class='ocrx_word' id='word_1_353' title='bbox 724 2819 1019 2862; x_wconf 83' lang='lat' dir='ltr'>voluptatem</span> 
     </span>
     <span class='ocr_line' id='line_1_55' title="bbox 341 2866 589 2901; baseline -0.004 -1"><span class='ocrx_word' id='word_1_354' title='bbox 341 2866 457 2901; x_wconf 88' lang='lat' dir='ltr'>mala</span> <span class='ocrx_word' id='word_1_355' title='bbox 482 2876 589 2901; x_wconf 82' lang='lat' dir='ltr'>esse.</span> 
     </span>
    </p>
   </div>
   <div class='ocr_carea' id='block_1_23' title="bbox 1084 2184 1766 2905">
    <p class='ocr_par' dir='ltr' id='par_1_24' title="bbox 1084 2184 1763 2590">
     <span class='ocr_line' id='line_1_56' title="bbox 1132 2184 1760 2228; baseline 0 -8"><span class='ocrx_word' id='word_1_356' title='bbox 1132 2191 1183 2222; x_wconf 92' lang='lat'><em>14.</em></span> <span class='ocrx_word' id='word_1_357' title='bbox 1220 2201 1302 2226; x_wconf 87' lang='grc' dir='ltr'><em>τας</em></span> <span class='ocrx_word' id='word_1_358' title='bbox 1339 2184 1428 2222; x_wconf 78' lang='grc' dir='ltr'><em>ὑπὸ</em></span> <span class='ocrx_word' id='word_1_359' title='bbox 1466 2186 1552 2222; x_wconf 85' lang='grc' dir='ltr'><em>τῶν</em></span> <span class='ocrx_word' id='word_1_360' title='bbox 1589 2186 1760 2228; x_wconf 76' lang='grc' dir='ltr'><em>ἰατρῶν</em></span> 
     </span>
     <span class='ocr_line' id='line_1_57' title="bbox 1084 2230 1762 2285; baseline -0.003 -19"><span class='ocrx_word' id='word_1_361' title='bbox 1084 2232 1363 2285; x_wconf 78' lang='grc' dir='ltr'><em>θεραπείας]</em></span> <span class='ocrx_word' id='word_1_362' title='bbox 1399 2231 1601 2278; x_wconf 86' lang='lat' dir='ltr'>Xenoph</span> <span class='ocrx_word' id='word_1_363' title='bbox 1629 2230 1762 2283; x_wconf 80' lang='lat' dir='ltr'>Cyrop.</span> 
     </span>
     <span class='ocr_line' id='line_1_58' title="bbox 1085 2247 1762 2321; baseline -0.003 -11"><span class='ocrx_word' id='word_1_364' title='bbox 1085 2277 1138 2311; x_wconf 89' lang='lat' dir='ltr'><em>III</em></span> <span class='ocrx_word' id='word_1_365' title='bbox 1150 2247 1196 2319; x_wconf 70' lang='grc' dir='ltr'><em>ρ,3</em></span> <span class='ocrx_word' id='word_1_366' title='bbox 1223 2281 1260 2311; x_wconf 77' lang='lat'><em>2:</em></span> <span class='ocrx_word' id='word_1_367' title='bbox 1294 2273 1464 2321; x_wconf 73' lang='grc' dir='ltr'><em>ἥδεσθαι</em></span> <span class='ocrx_word' id='word_1_368' title='bbox 1498 2277 1541 2321; x_wconf 84' lang='grc' dir='ltr'><em>τῇ</em></span> <span class='ocrx_word' id='word_1_369' title='bbox 1567 2275 1642 2310; x_wconf 75' lang='grc' dir='ltr'><em>ὑπὸ</em></span> <span class='ocrx_word' id='word_1_370' title='bbox 1667 2273 1762 2309; x_wconf 85' lang='grc' dir='ltr'><em>πάν-</em></span> 
     </span>
     <span class='ocr_line' id='line_1_59' title="bbox 1085 2314 1760 2376; baseline -0.006 -19"><span class='ocrx_word' id='word_1_371' title='bbox 1085 2336 1158 2357; x_wconf 87' lang='grc' dir='ltr'><em>των</em></span> <span class='ocrx_word' id='word_1_372' title='bbox 1184 2323 1293 2376; x_wconf 85' lang='grc' dir='ltr'><em>τιμῇ.</em></span> <span class='ocrx_word' id='word_1_373' title='bbox 1337 2322 1450 2356; x_wconf 76' lang='lat' dir='ltr'>Plat.</span> <span class='ocrx_word' id='word_1_374' title='bbox 1475 2314 1617 2356; x_wconf 74' lang='lat' dir='ltr'>Politic.</span> <span class='ocrx_word' id='word_1_375' title='bbox 1642 2332 1678 2365; x_wconf 89' lang='lat' dir='ltr'>p</span> <span class='ocrx_word' id='word_1_376' title='bbox 1698 2324 1760 2354; x_wconf 73' lang='lat'><em>291</em></span> 
     </span>
     <span class='ocr_line' id='line_1_60' title="bbox 1086 2363 1762 2412; baseline -0.005 -10"><span class='ocrx_word' id='word_1_377' title='bbox 1086 2367 1135 2401; x_wconf 91' lang='lat' dir='ltr'><em>D·</em></span> <span class='ocrx_word' id='word_1_378' title='bbox 1170 2365 1241 2412; x_wconf 82' lang='grc' dir='ltr'><em>τὴν</em></span> <span class='ocrx_word' id='word_1_379' title='bbox 1272 2363 1347 2401; x_wconf 81' lang='grc' dir='ltr'><em>υπὸ</em></span> <span class='ocrx_word' id='word_1_380' title='bbox 1375 2368 1449 2401; x_wconf 83' lang='grc' dir='ltr'><em>τῶν</em></span> <span class='ocrx_word' id='word_1_381' title='bbox 1475 2365 1615 2411; x_wconf 82' lang='grc' dir='ltr'><em>ὀλίγων</em></span> <span class='ocrx_word' id='word_1_382' title='bbox 1642 2367 1762 2400; x_wconf 85' lang='grc' dir='ltr'><em>δυνα-</em></span> 
     </span>
     <span class='ocr_line' id='line_1_61' title="bbox 1086 2407 1761 2465; baseline -0.004 -18"><span class='ocrx_word' id='word_1_383' title='bbox 1086 2414 1226 2447; x_wconf 86' lang='grc' dir='ltr'><em>στεί.αν</em></span> <span class='ocrx_word' id='word_1_384' title='bbox 1271 2411 1470 2465; x_wconf 82' lang='lat' dir='ltr'>Xenoph,</span> <span class='ocrx_word' id='word_1_385' title='bbox 1495 2411 1594 2448; x_wconf 86' lang='lat' dir='ltr'>Hier</span> <span class='ocrx_word' id='word_1_386' title='bbox 1619 2410 1652 2444; x_wconf 92' lang='lat' dir='ltr'>X</span> <span class='ocrx_word' id='word_1_387' title='bbox 1678 2415 1715 2445; x_wconf 88' lang='grc'><em>3.</em></span> <span class='ocrx_word' id='word_1_388' title='bbox 1743 2407 1761 2444; x_wconf 97' lang='lat'><em>6</em></span> 
     </span>
     <span class='ocr_line' id='line_1_62' title="bbox 1086 2452 1763 2500; baseline -0.004 -9"><span class='ocrx_word' id='word_1_389' title='bbox 1086 2455 1161 2492; x_wconf 83' lang='grc' dir='ltr'><em>ἀπὸ</em></span> <span class='ocrx_word' id='word_1_390' title='bbox 1194 2458 1268 2491; x_wconf 86' lang='grc' dir='ltr'><em>τῶν</em></span> <span class='ocrx_word' id='word_1_391' title='bbox 1302 2455 1528 2500; x_wconf 88' lang='grc' dir='ltr'><em>δορυφόρων</em></span> <span class='ocrx_word' id='word_1_392' title='bbox 1561 2452 1691 2500; x_wconf 86' lang='grc' dir='ltr'><em>φόβος.</em></span> <span class='ocrx_word' id='word_1_393' title='bbox 1720 2475 1763 2479; x_wconf 92' lang='grc'><strong>-</strong></span> 
     </span>
     <span class='ocr_line' id='line_1_63' title="bbox 1087 2499 1763 2547; baseline -0.006 -10"><span class='ocrx_word' id='word_1_394' title='bbox 1087 2503 1369 2547; x_wconf 77' lang='grc' dir='ltr'><em>λιμοκτονία</em></span> <span class='ocrx_word' id='word_1_395' title='bbox 1402 2502 1459 2535; x_wconf 85' lang='lat' dir='ltr'>est</span> <span class='ocrx_word' id='word_1_396' title='bbox 1488 2501 1588 2545; x_wconf 90' lang='lat' dir='ltr'>quod</span> <span class='ocrx_word' id='word_1_397' title='bbox 1612 2511 1680 2535; x_wconf 82' lang='lat' dir='ltr'><em>nos</em></span> <span class='ocrx_word' id='word_1_398' title='bbox 1706 2499 1763 2533; x_wconf 85' lang='lat' dir='ltr'><em>di-</em></span> 
     </span>
     <span class='ocr_line' id='line_1_64' title="bbox 1086 2544 1762 2601; baseline -0.003 -20"><span class='ocrx_word' id='word_1_399' title='bbox 1086 2558 1201 2582; x_wconf 78' lang='lat' dir='ltr'>cimus</span> <span class='ocrx_word' id='word_1_400' title='bbox 1227 2547 1299 2581; x_wconf 86' lang='lat' dir='ltr'><em>die</em></span> <span class='ocrx_word' id='word_1_401' title='bbox 1323 2546 1603 2601; x_wconf 53' lang='lat' dir='ltr'>{Iungerkun</span> <span class='ocrx_word' id='word_1_402' title='bbox 1633 2544 1762 2581; x_wconf 77' lang='lat' dir='ltr'>Stazlb.</span> 
     </span>
    </p>

    <p class='ocr_par' dir='ltr' id='par_1_25' title="bbox 1085 2587 1766 2905">
     <span class='ocr_line' id='line_1_65' title="bbox 1130 2587 1764 2634; baseline -0.005 -8"><span class='ocrx_word' id='word_1_403' title='bbox 1130 2596 1184 2627; x_wconf 82' lang='lat'><em>21.</em></span> <span class='ocrx_word' id='word_1_404' title='bbox 1222 2591 1298 2626; x_wconf 74' lang='grc' dir='ltr'><em>καὶ</em></span> <span class='ocrx_word' id='word_1_405' title='bbox 1331 2588 1480 2625; x_wconf 75' lang='grc' dir='ltr'><em>ἄλλων</em></span> <span class='ocrx_word' id='word_1_406' title='bbox 1512 2587 1670 2634; x_wconf 73' lang='grc' dir='ltr'><em>ἀρχαί]</em></span> <span class='ocrx_word' id='word_1_407' title='bbox 1705 2589 1764 2623; x_wconf 84' lang='lat' dir='ltr'><em>Ad</em></span> 
     </span>
     <span class='ocr_line' id='line_1_66' title="bbox 1085 2630 1763 2671; baseline -0.005 0"><span class='ocrx_word' id='word_1_408' title='bbox 1085 2637 1178 2671; x_wconf 88' lang='lat' dir='ltr'>haec</span> <span class='ocrx_word' id='word_1_409' title='bbox 1207 2637 1306 2670; x_wconf 86' lang='lat' dir='ltr'>recte</span> <span class='ocrx_word' id='word_1_410' title='bbox 1337 2637 1494 2670; x_wconf 85' lang='lat' dir='ltr'>annotat</span> <span class='ocrx_word' id='word_1_411' title='bbox 1522 2635 1664 2669; x_wconf 77' lang='lat' dir='ltr'><em>Astius:</em></span> <span class='ocrx_word' id='word_1_412' title='bbox 1698 2630 1763 2668; x_wconf 78' lang='grc' dir='ltr'><em>ἅλ-</em></span> 
     </span>
     <span class='ocr_line' id='line_1_67' title="bbox 1090 2678 1764 2730; baseline -0.006 -13"><span class='ocrx_word' id='word_1_413' title='bbox 1090 2684 1164 2717; x_wconf 83' lang='grc' dir='ltr'><em>λιον</em></span> <span class='ocrx_word' id='word_1_414' title='bbox 1189 2678 1308 2730; x_wconf 79' lang='grc' dir='ltr'><em>ἀρχαί</em></span> <span class='ocrx_word' id='word_1_415' title='bbox 1335 2691 1409 2714; x_wconf 85' lang='grc'>11011</span> <span class='ocrx_word' id='word_1_416' title='bbox 1435 2682 1521 2715; x_wconf 85' lang='lat' dir='ltr'>sunt</span> <span class='ocrx_word' id='word_1_417' title='bbox 1544 2679 1702 2729; x_wconf 80' lang='lat' dir='ltr'>imperia</span> <span class='ocrx_word' id='word_1_418' title='bbox 1725 2679 1764 2713; x_wconf 89' lang='lat' dir='ltr'>in</span> 
     </span>
     <span class='ocr_line' id='line_1_68' title="bbox 1088 2724 1762 2767; baseline -0.006 -6"><span class='ocrx_word' id='word_1_419' title='bbox 1088 2727 1180 2761; x_wconf 80' lang='lat' dir='ltr'>alios</span> <span class='ocrx_word' id='word_1_420' title='bbox 1205 2726 1270 2760; x_wconf 82' lang='lat' dir='ltr'>sed</span> <span class='ocrx_word' id='word_1_421' title='bbox 1294 2736 1332 2759; x_wconf 87' lang='lat' dir='ltr'>m</span> <span class='ocrx_word' id='word_1_422' title='bbox 1357 2725 1460 2767; x_wconf 81' lang='lat' dir='ltr'>alias,</span> <span class='ocrx_word' id='word_1_423' title='bbox 1484 2726 1551 2762; x_wconf 87' lang='lat' dir='ltr'>int</span> <span class='ocrx_word' id='word_1_424' title='bbox 1577 2724 1762 2764; x_wconf 79' lang='lat' dir='ltr'>civitates;</span> 
     </span>
     <span class='ocr_line' id='line_1_69' title="bbox 1089 2768 1765 2814; baseline -0.004 -8"><span class='ocrx_word' id='word_1_425' title='bbox 1089 2782 1214 2806; x_wconf 83' lang='lat' dir='ltr'>sensus</span> <span class='ocrx_word' id='word_1_426' title='bbox 1245 2770 1359 2814; x_wconf 85' lang='lat' dir='ltr'>igitur</span> <span class='ocrx_word' id='word_1_427' title='bbox 1390 2770 1450 2804; x_wconf 88' lang='lat' dir='ltr'>hic</span> <span class='ocrx_word' id='word_1_428' title='bbox 1482 2771 1555 2804; x_wconf 84' lang='lat' dir='ltr'>est:</span> <span class='ocrx_word' id='word_1_429' title='bbox 1594 2770 1632 2803; x_wconf 89' lang='lat' dir='ltr'>et</span> <span class='ocrx_word' id='word_1_430' title='bbox 1664 2768 1765 2812; x_wconf 89' lang='lat' dir='ltr'>quod</span> 
     </span>
     <span class='ocr_line' id='line_1_70' title="bbox 1087 2780 1766 2859; baseline -0.004 -9"><span class='ocrx_word' id='word_1_431' title='bbox 1087 2816 1157 2851; x_wconf 91' lang='lat' dir='ltr'><em>hoc</em></span> <span class='ocrx_word' id='word_1_432' title='bbox 1183 2825 1329 2859; x_wconf 87' lang='lat' dir='ltr'>quoque</span> <span class='ocrx_word' id='word_1_433' title='bbox 1354 2815 1537 2856; x_wconf 86' lang='lat' dir='ltr'>efficiunt,</span> <span class='ocrx_word' id='word_1_434' title='bbox 1567 2815 1608 2848; x_wconf 89' lang='lat' dir='ltr'><em>ut</em></span> <span class='ocrx_word' id='word_1_435' title='bbox 1638 2780 1766 2848; x_wconf 78' lang='lat' dir='ltr'>ciqvita-</span> 
     </span>
     <span class='ocr_line' id='line_1_71' title="bbox 1088 2859 1763 2905; baseline -0.006 -9"><span class='ocrx_word' id='word_1_436' title='bbox 1088 2863 1144 2896; x_wconf 81' lang='lat' dir='ltr'>tes</span> <span class='ocrx_word' id='word_1_437' title='bbox 1169 2870 1241 2894; x_wconf 88' lang='lat' dir='ltr'><em>non</em></span> <span class='ocrx_word' id='word_1_438' title='bbox 1267 2860 1386 2894; x_wconf 83' lang='lat' dir='ltr'>solum</span> <span class='ocrx_word' id='word_1_439' title='bbox 1411 2860 1515 2905; x_wconf 83' lang='lat' dir='ltr'>ipsae</span> <span class='ocrx_word' id='word_1_440' title='bbox 1533 2859 1659 2894; x_wconf 83' lang='lat' dir='ltr'>salvae</span> <span class='ocrx_word' id='word_1_441' title='bbox 1677 2859 1763 2901; x_wconf 84' lang='lat' dir='ltr'>sint,</span> 
     </span>
    </p>
   </div>
  </div>
 </body>
</html>
