1907 3230
583 160 919 197 PROTAGORAS.

947 160 988 196 P.
1016 164 1078 196 341
1107 160 1175 195 ST.
1508 162 1586 204 137

173 263 327 304 δεινοῦ
347 263 563 316 πλούτου,
596 259 701 304 οὐδὲ
723 263 873 316 δεινῆς
894 260 1084 316 εἰρήνης,
1108 259 1213 303 οὐδὲ
1236 260 1384 314 δεινῆς
1404 259 1588 315 ὑγιείας,

171 327 285 370 ἄλλα
318 330 468 383 δεινῆς
497 328 637 371 νόσου
659 329 732 369 καὶ
754 328 908 370 δεινοῦ
928 328 1125 381 πολέμου
1147 343 1221 368 και
1243 328 1396 382 δεινῆς
1417 330 1588 382 πενίας,

172 395 232 444 (ὃς
260 399 341 438 τοῦ
373 397 526 438 δεινοῦ
558 397 701 437 κακοῦ
733 392 863 443 ὄντος
883 420 936 425 -—
959 398 1065 444 ἰσως
1096 388 1180 436 οὖν
1210 396 1284 435 καὶ
1316 393 1365 436 τὸ
1395 394 1589 449 χαλεπὸν

173 455 231 504 αὖ
271 478 313 504 οι
343 465 468 504 Κεῖοι
508 463 582 504 καὶ
613 459 635 503 ὁ
668 462 924 516 Σιμωνίδης
952 457 980 516 ἢ
1010 460 1151 503 κακὸν
1189 460 1592 516 υπολαμβοὶνουσιν

132 544 148 570 5
171 527 196 582 ἢ
226 529 338 571 ἄλλο
368 546 424 583 τι,
457 528 482 571 ὃ
511 527 566 570 σὺ
596 526 650 570 οὐ
680 529 941 581 μανθάνεις.
990 527 1198 583 ἐρώμεθα
1228 530 1314 570 οὐν
1334 527 1589 584 Πρόδικον·

171 597 348 638 δίκαιον
387 594 471 650 γὰρ
511 595 593 649 τὴν
625 595 887 648 Σιμωνίδου
926 593 1084 649 φωνήν
1114 598 1277 637 τοῦτον
1309 596 1498 649 ἐρωτᾶν.
1549 598 1594 638 τί

170 665 336 717 ἔλεγεν,
369 657 404 705 ὦ
426 660 640 716 Πρόδικε,
672 660 721 703 τὸ
752 660 946 715 χαλεπὸν
968 663 1244 717 Σιμωνίδης;
1288 662 1457 716 Κακόν,
1490 664 1589 717 ἔφη.
1616 673 1642 709 C

170 729 259 773 Διὰ
290 728 415 771 ταῦτ’
447 727 532 782 ἄρα
555 728 629 770 καὶ
649 729 879 783 μέμφεται,
912 721 971 783 ἦν
993 726 1035 770 δ’
1071 728 1174 782 ἐγώ,
1207 723 1243 770 (5
1264 730 1476 783 Πρόδικε,
1508 731 1592 772 τόν

170 793 398 839 Πιττακὸν
437 796 623 849 λέγοντα
656 793 867 837 Χαλεπὸν
906 792 1075 837 ἐσθλὸν
1114 797 1313 850 ἔμμεναι,
1353 795 1502 851 ὥσπερ
1533 796 1592 837 ἄν

124 877 154 903 10
174 865 214 906 εἰ
240 862 409 918 ἤκουεν
439 860 579 904 αὐτοῦ
611 863 831 916 λέγοντος,
866 860 931 903 ὅτι
964 861 1056 904 ἐστὶ
1087 863 1228 904 κακὸν
1260 862 1427 906 ἐσθλὸν
1458 865 1591 918 ἔμμε-

171 947 258 972 ναι.
301 928 430 971 Ἀλλὰ
450 932 493 971 τί
522 933 620 984 οἰέι,
654 931 754 984 ἔφη,
787 929 948 982 λέγειν,
981 923 1017 971 ὦ
1040 928 1295 984 Σώκρατες,
1330 931 1592 984 Σιμωνίδην

173 997 281 1040 ἄλλο
319 995 347 1052 ἢ
377 1000 525 1051 τοῦτο,
565 997 639 1039 καὶ
679 994 911 1047 ὀνειδίζειν
949 999 1011 1053 τῷ
1042 1000 1257 1053 Πιττακῷ,
1299 996 1366 1040 ὅτι
1404 996 1456 1039 τοὶ
1488 995 1593 1040 ὀνό-

171 1080 285 1119 ματα
316 1061 399 1106 οὐκ
430 1063 647 1119 ἠπίστατο
679 1062 828 1117 ὀρθῶς
859 1065 1068 1119 διαιρεῖν,
1101 1063 1175 1106 ἅτε
1206 1065 1395 1119 Λέσβιος
1425 1061 1489 1107 (ὂν
1520 1065 1594 1106 καὶ

172 1132 220 1174 ἐν
251 1134 383 1187 φωνῇ
412 1131 623 1187 βαρβάρῳ
653 1132 976 1185 τεθραμμένος;
1016 1130 1210 1182 Ἀκούεις
1240 1131 1309 1187 δή,
1342 1134 1458 1187 ἔφην
1489 1133 1593 1187 ἐγώ,

141 1212 155 1237 r,
174 1194 210 1241 (5
231 1198 526 1253 Πρωταγόρα,
559 1199 791 1251 Προδίκου
821 1199 973 1240 τοῦδε·
1009 1200 1120 1253 ἔχεις
1149 1214 1190 1241 τι
1220 1198 1333 1251 πρὸς
1362 1200 1498 1242 ταῦτα
1520 1202 1592 1243 λέ-
1614 1207 1647 1243 D

172 1282 288 1320 γειν;
330 1267 416 1307 Καὶ
457 1263 480 1306 ὁ
510 1265 837 1319 Πρωταγόρας,
879 1265 1064 1307 Πολλοῦ
1098 1281 1149 1319 γε
1192 1268 1278 1320 δεῖ,
1317 1268 1415 1322 ἔφη,
1456 1265 1595 1317 οὕτως

261 1414 293 1446 8.
321 1407 409 1445 Διὰ
435 1407 563 1445 ταῦτ’
593 1407 701 1453 ἆραι
726 1410 995 1454 interpolatum
1023 1421 1101 1446 esse
1129 1409 1195 1446 δια
1222 1412 1396 1463 Hirschig
1421 1414 1458 1448 et
1477 1412 1597 1449 Cobet

173 1457 341 1498 censent,
373 1465 531 1498 quorum
563 1456 765 1499 praecepto
799 1466 828 1488 Sl
859 1456 941 1498 quis
973 1457 1065 1491 velit
1098 1456 1271 1500 obsequi,
1307 1457 1341 1491 ei
1366 1458 1596 1502 praepositio

175 1499 244 1536 δια
283 1511 356 1534 non
387 1500 446 1534 hic
478 1499 616 1542 solum,
649 1500 714 1534 sed
745 1499 858 1534 etiam
891 1501 1045 1545 sophist
1070 1512 1107 1545 p
1135 1505 1199 1535 242
1224 1503 1254 1535 A
1286 1503 1323 1536 et
1353 1503 1480 1537 multis
1511 1503 1595 1538 aliis

174 1545 266 1581 locis
291 1544 452 1580 delenda
477 1545 557 1580 erit.

218 1685 249 1715 3.
284 1680 389 1719 ἴσως
421 1673 504 1714 οὖν
536 1679 614 1713 καὶ
641 1676 687 1714 τὸ
715 1682 852 1723 χαλε·

172 1724 274 1769 πόν]
311 1724 512 1759 Continent
541 1724 633 1758 haec
669 1723 851 1767 apodosin

172 1769 505 1824 praecedentibus
516 1768 589 1802 illis
614 1764 737 1811 ὥσπερ
762 1769 850 1811 περὶ

175 1816 242 1849 τοῦ
275 1815 407 1849 δεινοῦ
439 1810 515 1850 mg.
548 1813 851 1858 respondentem.

175 1859 276 1901 Quae
330 1861 456 1893 tamen
504 1860 658 1902 propter
706 1857 849 1903 longio-

174 1915 252 1939 rem
288 1902 527 1948 parenthesin
564 1903 738 1938 libcriore
769 1914 849 1937 ora-

172 1948 284 1983 tionis
310 1948 602 1983 conformatione
628 1948 850 1983 annectitur.

173 1994 271 2028 Nam
289 1995 453 2028 severior
470 1992 566 2026 ratio
585 1992 761 2044 exigebat
774 1993 851 2027 fere

173 2039 271 2073 hanc
311 2039 554 2073 structuram:
604 2034 722 2078 οὕτως
765 2039 851 2076 ἴσως

173 2083 239 2118 καὶ
271 2080 313 2117 τὸ
346 2079 513 2136 χαλεπὸν
545 2080 584 2116 οι
606 2085 715 2117 Κεῖοι
740 2083 806 2118 καὶ
832 2079 851 2117 ὃ

177 2128 397 2183 Σιμωνίδης
436 2124 461 2171 ἢ
499 2124 623 2161 κακὸν
654 2125 851 2178 ὖπολαμβ.

174 2172 474 2207 uzs.Cete1um
520 2184 591 2206 ουν
635 2172 747 2207 etiam
782 2173 853 2206 hoc

174 2218 256 2253 loco
287 2218 373 2262 post
403 2216 644 2261 parenthesin
679 2216 734 2252 ita
767 2217 849 2251 illa-

174 2265 255 2297 tum
280 2263 354 2304 est,
380 2265 421 2296 ut
446 2261 646 2305 abruptum
671 2262 850 2296 sermonis

174 2307 275 2341 filum
307 2307 527 2342 resumatur.
552 2317 585 2343 v,
611 2306 658 2340 ad
683 2305 851 2350 Sympos

174 2363 210 2395 p.
242 2356 305 2387 201
337 2351 380 2386 D.
429 2376 471 2381 —
520 2348 602 2394 τήν
653 2353 852 2396 Σιμωνί-

176 2398 260 2431 δου
323 2410 411 2440 ωνη
404 2393 462 2438 ’,ν
487 2395 509 2429 i.
530 2405 560 2430 e.
589 2395 853 2430 dialectum.

175 2441 324 2476 Phaeo
304 2452 361 2476 on
386 2453 422 2486 p.
448 2445 490 2476 62
516 2441 566 2474 A:
593 2441 657 2475 καὶ
683 2437 702 2476 ὁ
727 2440 853 2495 Κέβης

175 2505 217 2510 —-
235 2483 344 2521 ’‘Ittco
383 2487 478 2527 Ζεύς
520 2484 607 2529 ἔφη,
648 2488 693 2532 τῆ
732 2483 852 2522 αὐτου

176 2533 284 2576 φωνῇ
312 2530 440 2566 εἰπών.
474 2531 603 2566 Stazlb.

221 2580 252 2611 7.
285 2572 462 2619 Κακόν,
499 2575 602 2621 ἔφη]
637 2576 739 2610 Haec
776 2575 854 2620 qui-

178 2620 262 2655 dem
292 2602 514 2665 significatio
547 2621 717 2656 vocabuli
745 2625 851 2665 χαλε-

177 2665 247 2705 πός
281 2666 382 2715 apud
415 2677 540 2701 omnes
575 2665 774 2710 scriptores
798 2676 851 2699 in—

179 2710 442 2751 venitur31ani
460 2711 641 2745 Homerus
667 2711 761 2745 dixit
787 2724 852 2755 χα-

179 2757 288 2789 λεποί
322 2767 361 2790 τε
400 2756 465 2790 καὶ
504 2768 630 2799 αγριοι
668 2753 758 2791 οὐδὲ
792 2757 851 2789 δι-

179 2812 301 2842 καιοι,
331 2800 402 2837 vid.
428 2800 596 2845 Xenoph.
621 2812 736 2844 symp.
765 2800 851 2835 VIII

179 2847 220 2878 32
239 2844 298 2886 ai,
324 2845 386 2879 sed
411 2846 600 2890 propriam
619 2845 727 2880 huius
746 2845 851 2880 verbi

921 1680 1110 1714 notionem
1128 1679 1305 1715 Prodicus
1324 1681 1498 1726 fingitur
1488 1693 1595 1726 lgno-

920 1735 1015 1759 rare.
1041 1724 1142 1760 Conf.
1169 1725 1375 1779 prolegom.
1400 1737 1435 1770 p.
1462 1731 1549 1770 7sq.

965 1773 996 1807 9,
1038 1766 1186 1823 ὥσπερ
1228 1784 1282 1805 αν
1325 1771 1367 1806 εἰ
1405 1769 1577 1815 ἤκουεν

918 1813 964 1867 ῌ.
999 1825 1030 1849 e.
1061 1810 1184 1859 ὥσπερ
1225 1809 1273 1850 ἂν
1313 1812 1519 1860 ἐμέμφετο,
1562 1829 1578 1851 ε

918 1855 1084 1912 ἤκουεν

966 1908 1016 1941 13.
1059 1898 1137 1939 ἅτε
1177 1904 1373 1949 Λέσβιος
1413 1901 1470 1940 ω“ν
1516 1907 1597 1941 καὶ

923 1946 970 1984 ἐν
1017 1962 1124 1992 φων.
1165 1951 1197 1994 β.
1231 1951 1378 2000 psaffo]
1425 1950 1597 1986 Dialecto

921 1993 1090 2037 Aeolica,
1124 2005 1199 2038 qua
1228 1994 1377 2029 illarum
1402 1996 1597 2039 regionum

920 2038 1065 2089 incolae
1090 2038 1353 2083 loquebantur,
1379 2041 1597 2075 melicorum

922 2083 1109 2134 principes
1156 2083 1313 2119 Alcaeus
1362 2086 1400 2119 et
1446 2085 1597 2129 Sappho

923 2128 1151 2179 scripserant
1180 2139 1248 2164 nec
1279 2140 1362 2164 eam
1388 2129 1596 2165 Simonides

919 2184 1018 2255 11)Ξέ
1022 2183 1136 2261 ²³53
1137 2174 1372 2253 Πῗιῗὼῖὶῗ
1377 2175 1505 2254 uffan?
1526 2179 1596 2254 {³}ss⁶

920 2273 1051 2306 guam
1035 2263 1214 2297 Atticam
1231 2274 1299 2308 pro
1313 2263 1455 2299 Graeca
1471 2265 1603 2308 habet

922 2317 996 2350 qua
1027 2308 1090 2351 qui
1121 2318 1143 2342 a
1166 2309 1296 2352 pueris
1326 2309 1442 2344 locuti
1477 2310 1597 2353 erant,

922 2353 965 2386 iis
996 2353 1090 2387 aliae
1117 2362 1244 2388 omnes
1270 2353 1422 2389 dialecti
1447 2356 1596 2399 agreste

924 2397 1103 2441 quiddam
1128 2399 1193 2433 aut
1238 2399 1448 2444 eregrinum
1465 2409 1598 2434 sonare

923 2408 1157 2477 videbantur.
1207 2410 1265 2478 fta
1289 2446 1331 2478 ut
1355 2444 1597 2485 iudicaretur,

922 2486 1008 2537 inde
1038 2488 1199 2522 maxime
1230 2489 1370 2522 factum
1396 2490 1469 2531 est,
1496 2489 1596 2531 quod

922 2531 998 2566 iam
1021 2532 1084 2567 illo
1102 2532 1299 2577 tempore
1289 2544 1326 2566 1n
1346 2533 1502 2568 Graecia
1519 2543 1596 2567 om—

923 2587 987 2611 nes
1011 2577 1181 2612 homines
1207 2577 1306 2612 docti
1325 2577 1447 2612 Attice
1466 2578 1597 2621 loque-

921 2621 1074 2666 bantur3
1102 2624 1143 2656 ut
1167 2623 1265 2666 apud
1293 2622 1448 2658 Calliam
1466 2623 1597 2657 Prota-

922 2677 1033 2710 goras
1073 2668 1111 2702 et
1149 2666 1308 2711 Hippias
1355 2677 1428 2701 non
1476 2668 1597 2702 minus

922 2722 1034 2754 quam
1066 2712 1244 2746 Prodicus
1277 2713 1315 2746 et
1345 2711 1515 2747 Socrates
1553 2723 1597 2747 ea

921 2755 1048 2800 lingua.
1071 2757 1127 2792 usi
1155 2767 1231 2792 esse
1255 2758 1412 2801 putandi
1430 2759 1526 2800 sunt,
1551 2758 1595 2791 cf.

921 2800 1104 2836 Steinthal
1136 2801 1267 2839 Gesch,
1295 2802 1329 2836 d.
1361 2801 1598 2847 Sprachwiss.

921 2845 956 2880 b.
981 2845 1013 2880 d.
1041 2846 1102 2883 Gr.
1129 2859 1161 2882 u.
1188 2848 1230 2885 R
1257 2859 1292 2892 p
1318 2852 1394 2882 401.
