1907 3230
578 182 919 220 PROTAGORAS.
944 182 984 217 P.
1011 185 1074 217 351
1103 181 1156 216 St.
1502 182 1583 223 165

165 289 255 329 τῶν
285 284 545 340 ἀνθρώπων
577 279 627 326 εὖ
658 286 750 338 ζῆν,
781 282 886 333 τούς
915 283 965 325 δὲ
995 280 1314 335 κακῶς;”Εφη.
1370 276 1464 334 Ἆρ’
1498 276 1582 323 οὖν

165 354 291 395 δοκεῖ
332 365 404 394 σοι
449 350 690 405 ἅνθρωπος
735 349 792 392 ἂν
839 343 889 392 εὖ
925 352 1017 404 ζῆν,
1064 350 1104 390 εἰ
1140 347 1388 401 ἀνιώμενος
1424 364 1471 389 τε
1509 348 1583 389 καὶ

163 419 449 473 ὀδυνώμενος
487 420 593 475 ζῴης
636 416 731 458 Οὐκ
770 419 868 471 ἔφη.

936 418 991 457 Τί
1019 414 1077 469 δ’,
1111 417 1151 457 εἰ
1177 414 1318 469 ἡδέως
1347 412 1474 468 βιούς
1504 413 1583 456 τὸν

163 489 266 542 βίον
296 488 612 541 τελευτήσειεν,
653 482 736 525 οὐκ
768 478 818 526 εὖ
850 482 907 526 ἄν
939 494 1008 525 σοι
1040 484 1170 524 δοκοῖ
1197 480 1339 531 οὕτως
1369 482 1584 535 βεβιωκέ-

118 563 134 590 5
165 571 258 605 ναι;
297 552 486 608 ’Έμοιγ’,
529 555 627 606 ἔφη.

165 621 208 663 δ’
248 619 396 677 ἀηδῶς
432 621 585 662 κακόν.

163 703 309 743 μενος.

697 549 757 593 Τὸ
793 551 876 605 μὲν
913 549 1000 602 ἄρα
1036 547 1178 603 ἡδέως
1208 551 1286 602 ζῆν
1317 547 1504 603 ἀγαθόν,
1535 546 1583 590 τὸ
1608 554 1635 590 C

611 678 626 684 ἢ
648 622 788 671 Εἴπερ
819 625 912 667 τοῖς
941 619 1095 666 καλοῖς
1124 615 1185 670 γ’,
1219 618 1327 671 ἔφη,
1359 615 1443 670 ζςόη
1474 614 1584 670 ἡδό-

377 690 430 729 Τί
469 686 547 740 δή,
591 685 624 726 ὦ
666 685 967 739 Πρωταγόρα;
1014 682 1071 739 μὴ
1118 684 1190 724 καὶ
1231 683 1302 731 σύ,
1350 682 1501 735 ὥσπερ
1540 683 1587 724 oc

164 757 343 807 πολλοί,
382 753 490 808 ἡδέα
520 752 627 794 ἄττα
657 755 807 800 καλεῖς
836 750 952 793 κακὰ
983 751 1056 792 καὶ
1087 748 1252 803 ἀνιαρὰ
1282 749 1455 803 ἀγαθάς
1496 747 1583 803 ἐγώ

163 820 250 876 γάρ
293 823 430 875 λέγω,
474 818 581 861 καθ’
628 818 653 860 ὃ
696 818 803 873 ἡδέα
850 820 993 870 ἐστίν,
1040 811 1125 871 ἆρα
1169 815 1281 858 κατὰ
1326 820 1458 858 τοῦτο
1501 815 1584 858 οὐκ

115 897 148 922 10
165 887 331 943 ἀγαθά,
362 888 421 942 μὴ
455 890 564 928 εἴτι
593 884 667 927 ἀπ’
702 884 853 927 αὐτῶν
884 882 1158 938 ἀποβήσεται
1190 882 1322 930 ἄλλος
1356 883 1429 924 καὶ
1451 875 1586 931 αὖθις

164 949 222 998 αὖ
259 953 313 997 τὰ
349 953 514 1008 ἀνιαρὰ
556 951 769 1002 ὡσαύτως
812 951 953 1000 οὕτως
996 951 1051 993 οὐ
1095 950 1203 993 καθ’
1253 949 1361 993 ὅσον
1406 949 1583 1005 ἀνιαρά,

164 1022 298 1070 κακάς
335 1021 431 1064 Οὐκ
462 1018 584 1073 οἶδα,
626 1013 660 1061 ὦ
694 1019 955 1072 Σώκρατες,
995 1021 1101 1073 ἔφη,
1139 1017 1292 1067 ἁπλῶς
1322 1016 1486 1070 οὕτως,
1527 1015 1586 1066 ὠς

165 1089 222 1132 σύ
261 1091 452 1144 ἐρωτᾷς,
499 1089 539 1130 εἰ
577 1087 675 1142 ἐμοὶ
715 1086 982 1140 ἀποκριτέον
1022 1087 1166 1139 ἐστίν,
1212 1084 1271 1134 ὡς
1308 1083 1360 1125 τὰ
1396 1081 1504 1139 ἡδέα
1533 1089 1636 1125 τεΙ)

164 1157 315 1211 ἀγαθά
359 1157 481 1199 ἐστιν
526 1153 699 1196 ἅπαντα
745 1156 819 1196 καὶ
862 1152 916 1196 τοὶ
960 1151 1123 1207 ἅνιαροὶ
1167 1153 1305 1193 κακά·
1353 1150 1467 1192 ἀλλά
1511 1166 1586 1205 μοι

119 1231 150 1256 1⁵
167 1226 295 1266 δοκεῖ
321 1222 376 1265 οὐ
407 1223 549 1277 μόνον
579 1221 689 1275 πρὸς
718 1221 799 1275 τὴν
819 1224 908 1262 νῦν
930 1219 1172 1273 ἀπόκρισιν
1195 1218 1292 1272 ἐμοὶ
1314 1217 1583 1272 ἀσφαλέστε-

167 1307 249 1346 ρον
281 1288 392 1333 εἶναι
426 1289 773 1344 ἀποκρίνασθαι,
805 1286 919 1329 ἀλλὰ
951 1287 1025 1329 καὶ
1045 1286 1156 1339 πρὸς
1177 1287 1323 1328 πάντα
1345 1285 1425 1327 τὸν
1446 1283 1584 1326 ἄλλον

165 1361 267 1413 βίον
305 1357 383 1399 τὸν
421 1356 545 1410 ἐμόν,
590 1354 657 1398 ὅτι
696 1358 790 1397 ἔστι
826 1355 908 1410 μὲν
943 1352 972 1395 ὁί
1010 1357 1102 1396 τῶν
1146 1353 1291 1408 ἡδέων
1336 1352 1418 1395 οὐκ
1464 1353 1586 1393 ἔστιν

165 1425 336 1479 ἀγαθά,
378 1427 470 1467 ἔστι
508 1422 550 1464 δ’
591 1415 650 1464 αὖ
688 1423 762 1464 καὶ
801 1421 831 1464 α’
866 1426 956 1464 τῶν
988 1421 1185 1475 ἀνιαρῶν
1215 1418 1299 1462 οὐκ
1331 1422 1423 1462 ἔστι
1454 1419 1585 1471 κακοί,

167 1495 259 1535 ἔστι
295 1490 336 1534 δ’
375 1491 403 1533 ἅ
443 1490 558 1544 ἐστι,
601 1490 674 1531 καὶ
704 1491 857 1544 τρίτον
888 1486 915 1530 ἃ
945 1487 1174 1541 οὐδέτερα,
1208 1487 1311 1529 οὔτε
1342 1487 1457 1529 κακὰ
1489 1483 1585 1527 οὔτ’

119 1566 151 1592 20
169 1559 332 1614 ἀγαθά.
381 1557 512 1600 Ἡδέα
550 1558 599 1600 δὲ
631 1559 794 1610 καλεῖς,
826 1549 881 1610 ἦν
913 1554 954 1597 δ’
990 1555 1090 1610 ἐγώ,
1123 1554 1176 1598 οὐ
1207 1556 1260 1599 τὰ
1289 1554 1454 1610 ἡδονῆς
1483 1569 1587 1607 μετ-
1624 1573 1626 1579 v

166 1628 322 1682 έχοντα
344 1623 371 1681 ἢ
392 1625 606 1668 ποιοῦντα
635 1622 826 1678 ἡδονήν;
859 1623 994 1666 Πάνυ
1025 1621 1085 1676 γ’,
1118 1626 1216 1678 ἔφη.
1269 1625 1409 1665 Τοῦτο
1430 1623 1586 1663 τοίνυν

168 1697 297 1749 λέγω,
329 1692 434 1735 καθ’
476 1692 584 1734 ὅσον
613 1690 723 1746 ἡδέα
755 1691 893 1745 ἐστίν,
926 1692 966 1732 εἰ
994 1690 1077 1732 οὐκ
1108 1690 1273 1744 ἀγαθά,
1305 1688 1387 1743 τὴν
1417 1686 1588 1743 ἡδονὴν

282 1823 313 1854 9.
347 1810 497 1851 καθὸν
524 1815 563 1858 Β,
601 1814 704 1850 καθὸ
747 1814 875 1849 littera
899 1828 920 1848 ν
946 1813 1198 1858 superscripta
1222 1813 1263 1848 T.

168 1877 207 1898 τι
224 1862 307 1897 BT:
322 1861 540 1916 apograRha
555 1860 659 1917 εἰμή
674 1873 724 1911 τι,
746 1860 844 1910 qnod
860 1859 983 1909 iam-in
999 1859 1028 1893 T
1044 1860 1256 1902 ascriptum.
1281 1904 1288 1910 .
1490 1899 1498 1910 '
1567 1897 1575 1907 1

394 1911 444 1944 14,
471 1908 551 1940 αλλ
594 1921 617 1941 α
644 1907 704 1940 hic
722 1907 759 1938 et
776 1916 813 1938 m
830 1914 1001 1949 prommo
1027 1915 1133 1938 versu
1152 1903 1180 1937 Β
1207 1903 1358 1937 exhibet
1381 1913 1449 1946 pro
1477 1905 1587 1936 αλλα.

168 1911 205 1942 et
222 1908 328 1942 Cron.

165 2031 248 2054 rum
273 2030 316 2054 ao
341 2018 525 2062 sapientia
549 2016 748 2059 contineri,
775 2017 843 2050 mi-

168 2064 326 2098 randum
363 2074 437 2097 non
475 2065 541 2105 est,
578 2062 678 2106 quod
715 2072 844 2096 eorum

167 2108 359 2153 improbat
382 2107 578 2150 iudicium,
603 2107 668 2150 qui
693 2106 843 2151 imperi-

167 2153 329 2188 tissimos
355 2162 521 2197 quosque
547 2152 661 2187 etiam
687 2151 844 2186 fortissi-

167 2209 247 2233 mos
265 2209 343 2233 esse
361 2197 623 2242 opinabantur.
649 2196 751 2231 Haeo
768 2197 844 2230 sere

168 2243 390 2278 Stallbaum.

214 2314 244 2344 6.
279 2311 409 2352 εἴπερ
442 2313 539 2352 τοῖς
572 2309 751 2352 καλοῖς]
783 2307 844 2343 si—

170 2355 352 2399 quidem
389 2354 433 2388 in
470 2354 605 2388 rebus
637 2353 845 2388 honestis

170 2399 369 2435 iucunda
393 2399 489 2433 vita
514 2400 738 2432 versatur.
788 2396 847 2432 Sic

170 2444 370 2489 respondet
386 2444 614 2488 Protogoras
632 2442 846 2485 iucundum,

170 2492 211 2524 ut
236 2490 348 2534 vulgo
373 2488 617 2532 intelligitur,
642 2488 843 2531 accipiens;

170 2534 234 2570 sed
266 2535 435 2569 Socrates
465 2534 503 2567 id
535 2533 734 2567 iucundum
767 2543 845 2567 esse

170 2581 237 2614 aut
266 2582 367 2614 recte
400 2578 474 2612 dici
505 2580 638 2622 negat,
675 2577 775 2622 quod
807 2577 844 2611 in

169 2624 412 2659 iniucundum
438 2626 577 2666 vertat,
610 2626 653 2657 ut
683 2633 755 2657 non
781 2622 846 2656 mi-

170 2681 251 2704 rum
276 2669 325 2703 sit
348 2670 395 2703 ab
422 2678 465 2703 eo
489 2668 691 2703 iucundum
709 2679 731 2702 a
748 2668 845 2702 bono

170 2724 242 2749 non
268 2713 458 2759 distingui,

215 2785 247 2816 8.
273 2778 357 2825 ἐγώ
382 2778 464 2825 γὰρ
492 2780 680 2825 leym—ss
708 2779 845 2813 Vide-

172 2826 283 2860 licet·
314 2826 395 2860 hoe
427 2826 528 2859 dico
560 2838 586 2860 s.
620 2825 701 2860 hoe
739 2824 846 2858 mihi

172 2871 294 2905 volo:
358 2872 585 2913 quatenus
648 2869 847 2904 iucunda

1370 1817 1421 1847 10.
1449 1809 1503 1856 μὴ
1549 1811 1595 1845 εἴ

1309 1862 1360 1893 12.
1388 1853 1588 1891 οὗτωΒΤ

914 2017 1034 2058 sunt,
1076 2025 1221 2048 nonne
1259 2016 1449 2049 eatenus
1485 2014 1591 2047 sunt

913 2061 1051 2103 bona,
1102 2059 1138 2093 si
1186 2070 1272 2092 non
1313 2059 1436 2093 aliud
1479 2058 1589 2100 quid

915 2106 1019 2140 inde
1052 2105 1240 2139 eveniat
1270 2104 1306 2137 h.
1334 2115 1363 2138 e.
1396 2103 1525 2137 nulla
1554 2103 1590 2136 si

915 2151 1210 2195 praese-ntem
1248 2148 1589 2183 iucunditatem

916 2196 1139 2238 sequatur
1163 2194 1396 2236 molestia,
1424 2193 1469 2227 et
1492 2204 1590 2226 rur-

917 2251 987 2274 sus
1027 2239 1202 2281 tristia,
1243 2249 1390 2272 nonne
1432 2237 1588 2272 eodem

914 2285 1045 2318 modo
1078 2283 1229 2326 quoad
1261 2283 1441 2326 tristia,
1474 2282 1592 2316 mala

916 2330 1044 2363 sunt?
1094 2328 1154 2362 Ad
1181 2328 1295 2362 verba
1320 2326 1413 2362 καθ’
1443 2319 1462 2361 ὃ
1492 2324 1590 2371 ἡδέα

916 2371 1019 2408 ἐστίν
1049 2373 1234 2408 Heindorf
1266 2372 1354 2407 addi
1389 2371 1509 2407 voluit
1544 2369 1590 2406 τὰ

916 2416 1035 2474 ἡδέα,
1075 2418 1176 2461 quod
1213 2417 1376 2460 alioquin
1412 2427 1484 2450 non
1522 2416 1591 2450 nisi

918 2463 1018 2508 ηδέα
1043 2460 1138 2499 ἅττα
1155 2463 1234 2505 illa,
1260 2473 1355 2505 quae
1373 2461 1473 2496 mala
1486 2461 1592 2495 Prot-

914 2519 1051 2554 agorae
1076 2508 1155 2543 visa
1179 2510 1299 2549 erant,
1322 2505 1484 2549 intelligi
1507 2517 1592 2550 pos—

915 2555 1007 2589 sent.
1043 2553 1116 2588 Sed
1133 2564 1229 2587 nunc
1254 2553 1298 2586 de
1324 2551 1484 2585 iucundo
1509 2550 1590 2584 uni-

917 2608 1021 2634 verso
1055 2597 1157 2641 loqui
1183 2597 1374 2632 Socratem
1400 2597 1437 2630 et
1461 2605 1529 2649 per
1553 2606 1591 2629 se

916 2645 1023 2689 patet
1050 2644 1087 2678 et
1100 2642 1270 2687 proxima
1296 2641 1412 2676 verba
1434 2653 1480 2675 τα
1508 2637 1591 2674 α’νι-

917 2685 990 2730 αροὲ
1016 2688 1221 2724 declarant.

963 2737 1014 2768 19.
1034 2732 1129 2767 ἔστι
1156 2730 1194 2766 δ’
1223 2725 1248 2766 ἆ
1273 2728 1388 2775 ἐστι]
1407 2728 1590 2764 Η.θ.ἐ”στι

917 2776 959 2831 δὲ
993 2772 1166 2825 ἡδέα,ρᾶ
1199 2775 1300 2811 ἔστιν
1334 2773 1488 2819 ἀγαθοὶ,
1525 2773 1591 2808 καὶ

916 2821 1074 2866 ανιαροί,
1117 2818 1142 2856 οἱ
1184 2819 1260 2857 ἐστι
1303 2819 1418 2862 κακοὶ,
1468 2820 1512 2853 cf.
1552 2830 1591 2863 p.
