<?xml version="1.0" encoding="UTF-8"?>
<!DOCTYPE html PUBLIC "-//W3C//DTD XHTML 1.0 Transitional//EN"
    "http://www.w3.org/TR/xhtml1/DTD/xhtml1-transitional.dtd">
<html xmlns="http://www.w3.org/1999/xhtml" xml:lang="en" lang="en">
 <head>
  <title>
</title>
<meta http-equiv="Content-Type" content="text/html;charset=utf-8" />
  <meta name='ocr-system' content='tesseract 3.04.00' />
  <meta name='ocr-capabilities' content='ocr_page ocr_carea ocr_par ocr_line ocrx_word'/>
</head>
<body>
  <div class='ocr_page' id='page_1' title='image "./protagorascumpro00platuoft/protagorascumpro00platuoft_0101.png"; bbox 0 0 1907 3230; ppageno 0'>
   <div class='ocr_carea' id='block_1_1' title="bbox 128 908 159 934">
    <p class='ocr_par' dir='ltr' id='par_1_1' title="bbox 128 908 159 934">
     <span class='ocr_line' id='line_1_1' title="bbox 128 908 159 934; baseline 0.065 -2"><span class='ocrx_word' id='word_1_1' title='bbox 128 908 159 934; x_wconf 94' lang='lat'>10</span> 
     </span>
    </p>
   </div>
   <div class='ocr_carea' id='block_1_2' title="bbox 597 196 1601 241">
    <p class='ocr_par' dir='ltr' id='par_1_2' title="bbox 597 196 1601 241">
     <span class='ocr_line' id='line_1_2' title="bbox 597 196 1601 241; baseline 0.002 -10"><span class='ocrx_word' id='word_1_2' title='bbox 597 196 932 233; x_wconf 77' lang='lat' dir='ltr'><strong>PROTAGORAS.</strong></span> <span class='ocrx_word' id='word_1_3' title='bbox 958 196 996 231; x_wconf 89' lang='lat' dir='ltr'>P.</span> <span class='ocrx_word' id='word_1_4' title='bbox 1021 202 1086 232; x_wconf 80' lang='lat'>325</span> <span class='ocrx_word' id='word_1_5' title='bbox 1112 197 1176 232; x_wconf 79' lang='lat' dir='ltr'>ST.</span> <span class='ocrx_word' id='word_1_6' title='bbox 1547 199 1601 241; x_wconf 84' lang='lat'>89</span> 
     </span>
    </p>
   </div>
   <div class='ocr_carea' id='block_1_3' title="bbox 186 290 1601 352">
    <p class='ocr_par' dir='ltr' id='par_1_3' title="bbox 186 290 1809 352">
     <span class='ocr_line' id='line_1_3' title="bbox 186 290 1601 352; baseline 0.001 -15"><span class='ocrx_word' id='word_1_7' title='bbox 186 294 286 350; x_wconf 85' lang='grc' dir='ltr'><em>τήν·</em></span> <span class='ocrx_word' id='word_1_8' title='bbox 327 297 368 337; x_wconf 89' lang='grc' dir='ltr'>ει’</span> <span class='ocrx_word' id='word_1_9' title='bbox 403 296 525 337; x_wconf 85' lang='grc' dir='ltr'><em>τοῦτ’</em></span> <span class='ocrx_word' id='word_1_10' title='bbox 569 296 691 338; x_wconf 83' lang='grc' dir='ltr'><em>ἐστὶν</em></span> <span class='ocrx_word' id='word_1_11' title='bbox 730 290 785 338; x_wconf 77' lang='grc' dir='ltr'>οὗ</span> <span class='ocrx_word' id='word_1_12' title='bbox 823 297 895 338; x_wconf 77' lang='grc' dir='ltr'>δεῖ</span> <span class='ocrx_word' id='word_1_13' title='bbox 927 297 1096 347; x_wconf 79' lang='grc' dir='ltr'><em>πάντας</em></span> <span class='ocrx_word' id='word_1_14' title='bbox 1134 298 1332 351; x_wconf 79' lang='grc' dir='ltr'><em>μετέχειν</em></span> <span class='ocrx_word' id='word_1_15' title='bbox 1376 296 1449 338; x_wconf 83' lang='grc' dir='ltr'>καὶ</span> <span class='ocrx_word' id='word_1_16' title='bbox 1493 298 1601 352; x_wconf 78' lang='grc' dir='ltr'><em>μετὰ</em></span> 
     </span>
    </p>
   </div>
   <div class='ocr_carea' id='block_1_4' title="bbox 184 361 1670 1218">
    <p class='ocr_par' dir='ltr' id='par_1_4' title="bbox 184 361 1670 1218">
     <span class='ocr_line' id='line_1_4' title="bbox 185 361 1602 418; baseline 0 -14"><span class='ocrx_word' id='word_1_17' title='bbox 185 363 350 405; x_wconf 83' lang='grc' dir='ltr'><em>τούτου</em></span> <span class='ocrx_word' id='word_1_18' title='bbox 381 362 511 405; x_wconf 82' lang='grc' dir='ltr'><em>πάντ’</em></span> <span class='ocrx_word' id='word_1_19' title='bbox 552 361 714 418; x_wconf 73' lang='grc' dir='ltr'><em>ἄνδρα,</em></span> <span class='ocrx_word' id='word_1_20' title='bbox 749 362 829 404; x_wconf 76' lang='grc' dir='ltr'>ἐάν</span> <span class='ocrx_word' id='word_1_21' title='bbox 860 378 900 404; x_wconf 89' lang='grc' dir='ltr'>τι</span> <span class='ocrx_word' id='word_1_22' title='bbox 930 362 1004 404; x_wconf 83' lang='grc' dir='ltr'>καὶ</span> <span class='ocrx_word' id='word_1_23' title='bbox 1035 363 1145 405; x_wconf 83' lang='grc' dir='ltr'><em>ἄλλο</em></span> <span class='ocrx_word' id='word_1_24' title='bbox 1176 363 1394 417; x_wconf 82' lang='grc' dir='ltr'><em>βούληται</em></span> <span class='ocrx_word' id='word_1_25' title='bbox 1425 364 1602 417; x_wconf 79' lang='grc' dir='ltr'><em>μανθά-</em></span> 
     </span>
     <span class='ocr_line' id='line_1_5' title="bbox 186 419 1603 483; baseline -0.001 -13"><span class='ocrx_word' id='word_1_26' title='bbox 186 444 284 470; x_wconf 89' lang='grc' dir='ltr'><em>νειν</em></span> <span class='ocrx_word' id='word_1_27' title='bbox 313 427 342 482; x_wconf 76' lang='grc' dir='ltr'><em>ἢ</em></span> <span class='ocrx_word' id='word_1_28' title='bbox 373 430 598 483; x_wconf 75' lang='grc' dir='ltr'><em>πράττειν,</em></span> <span class='ocrx_word' id='word_1_29' title='bbox 635 419 753 470; x_wconf 77' lang='grc' dir='ltr'><em>οὕτω</em></span> <span class='ocrx_word' id='word_1_30' title='bbox 785 430 1013 482; x_wconf 82' lang='grc' dir='ltr'><em>πράττειν,</em></span> <span class='ocrx_word' id='word_1_31' title='bbox 1052 429 1163 471; x_wconf 74' lang='grc' dir='ltr'><em>ἄνευ</em></span> <span class='ocrx_word' id='word_1_32' title='bbox 1195 430 1243 470; x_wconf 81' lang='grc' dir='ltr'><em>δὲ</em></span> <span class='ocrx_word' id='word_1_33' title='bbox 1274 429 1438 470; x_wconf 82' lang='grc' dir='ltr'><em>τούτου</em></span> <span class='ocrx_word' id='word_1_34' title='bbox 1468 429 1542 483; x_wconf 83' lang='grc' dir='ltr'><em>μή,</em></span> <span class='ocrx_word' id='word_1_35' title='bbox 1574 426 1603 482; x_wconf 76' lang='grc' dir='ltr'><em>ἢ</em></span> 
     </span>
     <span class='ocr_line' id='line_1_6' title="bbox 184 493 1603 550; baseline -0.001 -14"><span class='ocrx_word' id='word_1_36' title='bbox 184 493 263 537; x_wconf 85' lang='grc' dir='ltr'><em>τὸν</em></span> <span class='ocrx_word' id='word_1_37' title='bbox 292 496 349 550; x_wconf 77' lang='grc' dir='ltr'>μὴ</span> <span class='ocrx_word' id='word_1_38' title='bbox 381 496 619 549; x_wconf 77' lang='grc' dir='ltr'><strong><em>μετέχοντα</em></strong></span> <span class='ocrx_word' id='word_1_39' title='bbox 657 496 731 535; x_wconf 80' lang='grc' dir='ltr'>καὶ</span> <span class='ocrx_word' id='word_1_40' title='bbox 762 494 994 536; x_wconf 72' lang='grc' dir='ltr'><em>διδάσκειν</em></span> <span class='ocrx_word' id='word_1_41' title='bbox 1025 497 1095 536; x_wconf 83' lang='grc' dir='ltr'>καὶ</span> <span class='ocrx_word' id='word_1_42' title='bbox 1130 495 1330 546; x_wconf 79' lang='grc' dir='ltr'><em>κολάζειν</em></span> <span class='ocrx_word' id='word_1_43' title='bbox 1360 495 1433 536; x_wconf 76' lang='grc' dir='ltr'>καὶ</span> <span class='ocrx_word' id='word_1_44' title='bbox 1465 496 1603 536; x_wconf 83' lang='grc' dir='ltr'><em>παῖδα</em></span> 
     </span>
     <span class='ocr_line' id='line_1_7' title="bbox 186 560 1604 616; baseline -0.001 -12"><span class='ocrx_word' id='word_1_45' title='bbox 186 561 260 604; x_wconf 85' lang='grc' dir='ltr'>καὶ</span> <span class='ocrx_word' id='word_1_46' title='bbox 291 561 437 615; x_wconf 80' lang='grc' dir='ltr'><em>ἄνδρα</em></span> <span class='ocrx_word' id='word_1_47' title='bbox 467 561 541 602; x_wconf 81' lang='grc' dir='ltr'>καὶ</span> <span class='ocrx_word' id='word_1_48' title='bbox 569 567 777 614; x_wconf 74' lang='grc' dir='ltr'><em>γυναῖκα,</em></span> <span class='ocrx_word' id='word_1_49' title='bbox 810 561 983 615; x_wconf 77' lang='grc' dir='ltr'><em>ἕωσπερ</em></span> <span class='ocrx_word' id='word_1_50' title='bbox 1016 560 1072 603; x_wconf 74' lang='grc' dir='ltr'>ἂν</span> <span class='ocrx_word' id='word_1_51' title='bbox 1102 561 1394 616; x_wconf 80' lang='grc' dir='ltr'><em>κολαζόμενος</em></span> <span class='ocrx_word' id='word_1_52' title='bbox 1414 563 1604 615; x_wconf 80' lang='grc' dir='ltr'><em>βελτίων</em></span> 
     </span>
     <span class='ocr_line' id='line_1_8' title="bbox 184 624 1604 683; baseline -0.001 -13"><span class='ocrx_word' id='word_1_53' title='bbox 184 630 388 683; x_wconf 81' lang='grc' dir='ltr'><em>γένηται,</em></span> <span class='ocrx_word' id='word_1_54' title='bbox 429 624 476 676; x_wconf 83' lang='grc' dir='ltr'>ὃς</span> <span class='ocrx_word' id='word_1_55' title='bbox 514 625 557 667; x_wconf 83' lang='grc' dir='ltr'><em>δ’</em></span> <span class='ocrx_word' id='word_1_56' title='bbox 595 626 652 668; x_wconf 74' lang='grc' dir='ltr'>ἄν</span> <span class='ocrx_word' id='word_1_57' title='bbox 690 626 746 681; x_wconf 81' lang='grc' dir='ltr'>μὴ</span> <span class='ocrx_word' id='word_1_58' title='bbox 788 626 997 683; x_wconf 81' lang='grc' dir='ltr'><em>ὑπακούῃ</em></span> <span class='ocrx_word' id='word_1_59' title='bbox 1038 627 1330 682; x_wconf 78' lang='grc' dir='ltr'><em>κολαζόμενος</em></span> <span class='ocrx_word' id='word_1_60' title='bbox 1372 626 1446 669; x_wconf 82' lang='grc' dir='ltr'>καὶ</span> <span class='ocrx_word' id='word_1_61' title='bbox 1477 628 1604 669; x_wconf 87' lang='grc' dir='ltr'><em>διδα-</em></span> 
     </span>
     <span class='ocr_line' id='line_1_9' title="bbox 186 692 1657 748; baseline -0.001 -11"><span class='ocrx_word' id='word_1_62' title='bbox 186 696 423 748; x_wconf 88' lang='grc' dir='ltr'><em>σκόμενος,</em></span> <span class='ocrx_word' id='word_1_63' title='bbox 471 692 531 744; x_wconf 74' lang='grc' dir='ltr'>ὦς</span> <span class='ocrx_word' id='word_1_64' title='bbox 566 693 751 735; x_wconf 79' lang='grc' dir='ltr'><em>ἀνίατον</em></span> <span class='ocrx_word' id='word_1_65' title='bbox 797 692 904 735; x_wconf 80' lang='grc' dir='ltr'><em>ὄντα</em></span> <span class='ocrx_word' id='word_1_66' title='bbox 943 696 1104 735; x_wconf 85' lang='grc' dir='ltr'><em>τοῦτον</em></span> <span class='ocrx_word' id='word_1_67' title='bbox 1145 695 1382 747; x_wconf 79' lang='grc' dir='ltr'><em>ἐκβάλλειν</em></span> <span class='ocrx_word' id='word_1_68' title='bbox 1423 695 1471 736; x_wconf 85' lang='grc' dir='ltr'><em>ἐκ</em></span> <span class='ocrx_word' id='word_1_69' title='bbox 1512 697 1602 736; x_wconf 73' lang='grc' dir='ltr'><em>τῶν</em></span> <span class='ocrx_word' id='word_1_70' title='bbox 1626 696 1657 730; x_wconf 92' lang='grc' dir='ltr'>Β</span> 
     </span>
     <span class='ocr_line' id='line_1_10' title="bbox 184 759 1605 815; baseline -0.001 -12"><span class='ocrx_word' id='word_1_71' title='bbox 184 761 362 803; x_wconf 87' lang='grc' dir='ltr'><em>πόλεων</em></span> <span class='ocrx_word' id='word_1_72' title='bbox 390 761 420 814; x_wconf 75' lang='grc' dir='ltr'><strong><em>ἦ</em></strong></span> <span class='ocrx_word' id='word_1_73' title='bbox 451 759 753 802; x_wconf 85' lang='grc' dir='ltr'><em>ἀποκτείνειν·</em></span> <span class='ocrx_word' id='word_1_74' title='bbox 789 761 828 800; x_wconf 82' lang='grc' dir='ltr'><em>εἰ</em></span> <span class='ocrx_word' id='word_1_75' title='bbox 858 759 974 801; x_wconf 85' lang='grc' dir='ltr'><em>οὕτω</em></span> <span class='ocrx_word' id='word_1_76' title='bbox 1003 761 1086 815; x_wconf 82' lang='grc' dir='ltr'>μὲν</span> <span class='ocrx_word' id='word_1_77' title='bbox 1107 763 1210 814; x_wconf 81' lang='grc' dir='ltr'><em>ἔχει,</em></span> <span class='ocrx_word' id='word_1_78' title='bbox 1244 759 1362 802; x_wconf 84' lang='grc' dir='ltr'><em>οὕτω</em></span> <span class='ocrx_word' id='word_1_79' title='bbox 1386 760 1430 802; x_wconf 84' lang='grc' dir='ltr'><em>δ’</em></span> <span class='ocrx_word' id='word_1_80' title='bbox 1464 760 1605 803; x_wconf 85' lang='grc' dir='ltr'><em>αὐτοῦ</em></span> 
     </span>
     <span class='ocr_line' id='line_1_11' title="bbox 185 825 1605 882; baseline 0 -13"><span class='ocrx_word' id='word_1_81' title='bbox 185 828 440 882; x_wconf 80' lang='grc' dir='ltr'><em>πεφυκότος</em></span> <span class='ocrx_word' id='word_1_82' title='bbox 471 827 516 868; x_wconf 76' lang='grc' dir='ltr'>οἱ</span> <span class='ocrx_word' id='word_1_83' title='bbox 543 825 707 880; x_wconf 78' lang='grc' dir='ltr'><em>ἀγαθοὶ</em></span> <span class='ocrx_word' id='word_1_84' title='bbox 737 825 901 881; x_wconf 78' lang='grc' dir='ltr'><em>ἄνδρες</em></span> <span class='ocrx_word' id='word_1_85' title='bbox 932 828 972 868; x_wconf 83' lang='grc' dir='ltr'><em>εἰ</em></span> <span class='ocrx_word' id='word_1_86' title='bbox 999 826 1052 869; x_wconf 79' lang='grc' dir='ltr'>τα</span> <span class='ocrx_word' id='word_1_87' title='bbox 1073 827 1155 881; x_wconf 77' lang='grc' dir='ltr'>μὲν</span> <span class='ocrx_word' id='word_1_88' title='bbox 1177 826 1291 868; x_wconf 78' lang='grc' dir='ltr'><em>ἄλλα</em></span> <span class='ocrx_word' id='word_1_89' title='bbox 1314 828 1605 869; x_wconf 75' lang='grc' dir='ltr'><em>διδάσκονται</em></span> 
     </span>
     <span class='ocr_line' id='line_1_12' title="bbox 186 892 1606 949; baseline 0 -13"><span class='ocrx_word' id='word_1_90' title='bbox 186 893 288 943; x_wconf 81' lang='grc' dir='ltr'><em>τοὺς</em></span> <span class='ocrx_word' id='word_1_91' title='bbox 318 894 441 947; x_wconf 82' lang='grc' dir='ltr'><em>νίεῖς,</em></span> <span class='ocrx_word' id='word_1_92' title='bbox 474 896 605 936; x_wconf 86' lang='grc' dir='ltr'><em>τοῦτο</em></span> <span class='ocrx_word' id='word_1_93' title='bbox 636 895 685 935; x_wconf 77' lang='grc' dir='ltr'><em>δὲ</em></span> <span class='ocrx_word' id='word_1_94' title='bbox 715 895 790 948; x_wconf 80' lang='grc' dir='ltr'><em>μή,</em></span> <span class='ocrx_word' id='word_1_95' title='bbox 825 894 996 947; x_wconf 79' lang='grc' dir='ltr'><em>σκέψαι,</em></span> <span class='ocrx_word' id='word_1_96' title='bbox 1030 892 1088 944; x_wconf 80' lang='grc' dir='ltr'>ὠς</span> <span class='ocrx_word' id='word_1_97' title='bbox 1107 896 1354 949; x_wconf 85' lang='grc' dir='ltr'><em>θαυμάσιοι</em></span> <span class='ocrx_word' id='word_1_98' title='bbox 1375 897 1606 948; x_wconf 75' lang='grc' dir='ltr'><em>γίγνονται</em></span> 
     </span>
     <span class='ocr_line' id='line_1_13' title="bbox 186 959 1606 1016; baseline -0.001 -13"><span class='ocrx_word' id='word_1_99' title='bbox 186 961 234 1003; x_wconf 81' lang='grc' dir='ltr'>οἱ</span> <span class='ocrx_word' id='word_1_100' title='bbox 265 959 443 1015; x_wconf 75' lang='grc' dir='ltr'><em>ἀγαθοί.</em></span> <span class='ocrx_word' id='word_1_101' title='bbox 504 959 570 1003; x_wconf 82' lang='grc' dir='ltr'>ὅτι</span> <span class='ocrx_word' id='word_1_102' title='bbox 615 961 697 1015; x_wconf 80' lang='grc' dir='ltr'>μὲν</span> <span class='ocrx_word' id='word_1_103' title='bbox 742 961 827 1015; x_wconf 75' lang='grc' dir='ltr'>γάρ</span> <span class='ocrx_word' id='word_1_104' title='bbox 874 960 1087 1003; x_wconf 86' lang='grc' dir='ltr'><em>διδακτὸν</em></span> <span class='ocrx_word' id='word_1_105' title='bbox 1132 959 1242 1004; x_wconf 85' lang='grc' dir='ltr'><em>αὐτὸ</em></span> <span class='ocrx_word' id='word_1_106' title='bbox 1280 960 1496 1016; x_wconf 76' lang='grc' dir='ltr'><em>ἡγοῦνται</em></span> <span class='ocrx_word' id='word_1_107' title='bbox 1533 962 1606 1003; x_wconf 82' lang='grc' dir='ltr'>καὶ</span> 
     </span>
     <span class='ocr_line' id='line_1_14' title="bbox 187 1026 1607 1085; baseline 0 -16"><span class='ocrx_word' id='word_1_108' title='bbox 187 1029 278 1084; x_wconf 75' lang='grc' dir='ltr'><em>ἰδία</em></span> <span class='ocrx_word' id='word_1_109' title='bbox 317 1027 391 1070; x_wconf 81' lang='grc' dir='ltr'>καὶ</span> <span class='ocrx_word' id='word_1_110' title='bbox 422 1029 633 1085; x_wconf 79' lang='grc' dir='ltr'><em>δημοσίᾳ,</em></span> <span class='ocrx_word' id='word_1_111' title='bbox 675 1026 991 1082; x_wconf 74' lang='grc' dir='ltr'><em>ἀπεδείξαμεν·</em></span> <span class='ocrx_word' id='word_1_112' title='bbox 1032 1029 1248 1071; x_wconf 83' lang='grc' dir='ltr'><em>διδακτοῦ</em></span> <span class='ocrx_word' id='word_1_113' title='bbox 1287 1030 1335 1071; x_wconf 81' lang='grc' dir='ltr'><em>δὲ</em></span> <span class='ocrx_word' id='word_1_114' title='bbox 1375 1028 1501 1078; x_wconf 81' lang='grc' dir='ltr'><em>ὄντος</em></span> <span class='ocrx_word' id='word_1_115' title='bbox 1532 1029 1607 1070; x_wconf 79' lang='grc' dir='ltr'>καὶ</span> 
     </span>
     <span class='ocr_line' id='line_1_15' title="bbox 186 1094 1670 1151; baseline 0 -14"><span class='ocrx_word' id='word_1_116' title='bbox 186 1098 475 1150; x_wconf 81' lang='grc' dir='ltr'><em>θεραπευτοῦ</em></span> <span class='ocrx_word' id='word_1_117' title='bbox 513 1094 566 1138; x_wconf 81' lang='grc' dir='ltr'><em>τὰ</em></span> <span class='ocrx_word' id='word_1_118' title='bbox 604 1097 686 1149; x_wconf 82' lang='grc' dir='ltr'>μὲν</span> <span class='ocrx_word' id='word_1_119' title='bbox 727 1095 841 1137; x_wconf 80' lang='grc' dir='ltr'><em>ἄλλα</em></span> <span class='ocrx_word' id='word_1_120' title='bbox 881 1095 967 1151; x_wconf 78' lang='grc' dir='ltr'>ἄρα</span> <span class='ocrx_word' id='word_1_121' title='bbox 1004 1096 1110 1146; x_wconf 78' lang='grc' dir='ltr'><em>τοὺς</em></span> <span class='ocrx_word' id='word_1_122' title='bbox 1150 1097 1263 1146; x_wconf 69' lang='grc' dir='ltr'><em>υἱεῖς</em></span> <span class='ocrx_word' id='word_1_123' title='bbox 1301 1096 1606 1150; x_wconf 82' lang='grc' dir='ltr'><em>διδάσκονται,</em></span> <span class='ocrx_word' id='word_1_124' title='bbox 1662 1122 1670 1129; x_wconf 65' lang='grc'><strong>»</strong></span> 
     </span>
     <span class='ocr_line' id='line_1_16' title="bbox 190 1158 1607 1218; baseline -0.001 -13"><span class='ocrx_word' id='word_1_125' title='bbox 190 1161 263 1217; x_wconf 84' lang='grc' dir='ltr'>ἐφ’</span> <span class='ocrx_word' id='word_1_126' title='bbox 309 1158 374 1211; x_wconf 81' lang='grc' dir='ltr'>οἷς</span> <span class='ocrx_word' id='word_1_127' title='bbox 412 1161 494 1204; x_wconf 83' lang='grc' dir='ltr'><em>οὐκ</em></span> <span class='ocrx_word' id='word_1_128' title='bbox 535 1165 625 1205; x_wconf 84' lang='grc' dir='ltr'><em>ἔστι</em></span> <span class='ocrx_word' id='word_1_129' title='bbox 655 1163 852 1213; x_wconf 79' lang='grc' dir='ltr'><em>θάνατος</em></span> <span class='ocrx_word' id='word_1_130' title='bbox 881 1162 907 1218; x_wconf 82' lang='grc' dir='ltr'>ἡ</span> <span class='ocrx_word' id='word_1_131' title='bbox 941 1166 1086 1218; x_wconf 79' lang='grc' dir='ltr'><em>ζημία,</em></span> <span class='ocrx_word' id='word_1_132' title='bbox 1121 1162 1200 1206; x_wconf 79' lang='grc' dir='ltr'>ἐὰν</span> <span class='ocrx_word' id='word_1_133' title='bbox 1231 1163 1287 1218; x_wconf 81' lang='grc' dir='ltr'>μή</span> <span class='ocrx_word' id='word_1_134' title='bbox 1324 1163 1607 1216; x_wconf 79' lang='grc' dir='ltr'><em>ἐπίστωνται,</em></span> 
     </span>
    </p>
   </div>
   <div class='ocr_carea' id='block_1_5' title="bbox 187 1294 1612 1703">
    <p class='ocr_par' dir='ltr' id='par_1_5' title="bbox 187 1294 1612 1703">
     <span class='ocr_line' id='line_1_17' title="bbox 301 1294 1607 1341; baseline 0.001 -10"><span class='ocrx_word' id='word_1_135' title='bbox 301 1301 332 1331; x_wconf 98' lang='lat'>9.</span> <span class='ocrx_word' id='word_1_136' title='bbox 359 1294 412 1331; x_wconf 72' lang='grc' dir='ltr'>ἄν</span> <span class='ocrx_word' id='word_1_137' title='bbox 423 1298 528 1341; x_wconf 79' lang='grc' dir='ltr'><em>δρες</em></span> <span class='ocrx_word' id='word_1_138' title='bbox 556 1297 597 1332; x_wconf 82' lang='grc' dir='ltr'><em>εἰ</em></span> <span class='ocrx_word' id='word_1_139' title='bbox 622 1296 675 1332; x_wconf 69' lang='grc' dir='ltr'><em>τὰ</em></span> <span class='ocrx_word' id='word_1_140' title='bbox 701 1296 783 1340; x_wconf 73' lang='grc' dir='ltr'>μὲν</span> <span class='ocrx_word' id='word_1_141' title='bbox 809 1297 994 1331; x_wconf 85' lang='lat' dir='ltr'>Heusdius</span> <span class='ocrx_word' id='word_1_142' title='bbox 1021 1298 1057 1333; x_wconf 84' lang='grc' dir='ltr'><em>εἰ</em></span> <span class='ocrx_word' id='word_1_143' title='bbox 1083 1299 1120 1331; x_wconf 92' lang='lat' dir='ltr'>in</span> <span class='ocrx_word' id='word_1_144' title='bbox 1152 1298 1207 1331; x_wconf 89' lang='lat' dir='ltr'>his</span> <span class='ocrx_word' id='word_1_145' title='bbox 1233 1297 1429 1332; x_wconf 87' lang='lat' dir='ltr'>delendum</span> <span class='ocrx_word' id='word_1_146' title='bbox 1456 1297 1607 1332; x_wconf 78' lang='lat' dir='ltr'>censuit.</span> 
     </span>
     <span class='ocr_line' id='line_1_18' title="bbox 190 1340 1608 1392; baseline -0.001 -15"><span class='ocrx_word' id='word_1_147' title='bbox 190 1347 241 1380; x_wconf 90' lang='grc'>10</span> <span class='ocrx_word' id='word_1_148' title='bbox 269 1340 322 1382; x_wconf 82' lang='grc' dir='ltr'>ὡς</span> <span class='ocrx_word' id='word_1_149' title='bbox 354 1343 633 1386; x_wconf 81' lang='grc' dir='ltr'><em>θαυμασίως</em></span> <span class='ocrx_word' id='word_1_150' title='bbox 658 1342 735 1384; x_wconf 88' lang='grc' dir='ltr'><em>ΒΤ,</em></span> <span class='ocrx_word' id='word_1_151' title='bbox 762 1342 987 1392; x_wconf 82' lang='lat' dir='ltr'>Protagoras</span> <span class='ocrx_word' id='word_1_152' title='bbox 1014 1344 1139 1377; x_wconf 88' lang='lat' dir='ltr'>autern</span> <span class='ocrx_word' id='word_1_153' title='bbox 1165 1353 1238 1376; x_wconf 89' lang='lat' dir='ltr'>non</span> <span class='ocrx_word' id='word_1_154' title='bbox 1264 1342 1346 1376; x_wconf 89' lang='lat' dir='ltr'>vult</span> <span class='ocrx_word' id='word_1_155' title='bbox 1370 1342 1514 1377; x_wconf 87' lang='lat' dir='ltr'>efficere</span> <span class='ocrx_word' id='word_1_156' title='bbox 1540 1343 1608 1376; x_wconf 88' lang='lat' dir='ltr'>mi-</span> 
     </span>
     <span class='ocr_line' id='line_1_19' title="bbox 188 1387 1610 1431; baseline 0 -10"><span class='ocrx_word' id='word_1_157' title='bbox 188 1387 358 1422; x_wconf 78' lang='lat' dir='ltr'><strong>rabiliter</strong></span> <span class='ocrx_word' id='word_1_158' title='bbox 382 1387 461 1421; x_wconf 89' lang='lat' dir='ltr'>fieri</span> <span class='ocrx_word' id='word_1_159' title='bbox 486 1387 544 1421; x_wconf 91' lang='lat' dir='ltr'>vel</span> <span class='ocrx_word' id='word_1_160' title='bbox 569 1387 765 1430; x_wconf 85' lang='lat' dir='ltr'>provenire</span> <span class='ocrx_word' id='word_1_161' title='bbox 792 1398 890 1421; x_wconf 86' lang='lat' dir='ltr'>vnos</span> <span class='ocrx_word' id='word_1_162' title='bbox 914 1387 1049 1429; x_wconf 87' lang='lat' dir='ltr'>bonos,</span> <span class='ocrx_word' id='word_1_163' title='bbox 1081 1387 1145 1422; x_wconf 87' lang='lat' dir='ltr'>sed</span> <span class='ocrx_word' id='word_1_164' title='bbox 1169 1387 1325 1421; x_wconf 84' lang='lat' dir='ltr'>iudicari</span> <span class='ocrx_word' id='word_1_165' title='bbox 1351 1388 1521 1431; x_wconf 80' lang='lat' dir='ltr'>opoitere</span> <span class='ocrx_word' id='word_1_166' title='bbox 1547 1397 1610 1421; x_wconf 83' lang='lat' dir='ltr'>eos</span> 
     </span>
     <span class='ocr_line' id='line_1_20' title="bbox 188 1414 1607 1477; baseline -0.001 -10"><span class='ocrx_word' id='word_1_167' title='bbox 188 1433 317 1475; x_wconf 88' lang='lat' dir='ltr'>bonos,</span> <span class='ocrx_word' id='word_1_168' title='bbox 348 1432 412 1476; x_wconf 87' lang='lat' dir='ltr'>qui</span> <span class='ocrx_word' id='word_1_169' title='bbox 436 1442 511 1474; x_wconf 88' lang='lat' dir='ltr'>qua</span> <span class='ocrx_word' id='word_1_170' title='bbox 535 1431 705 1466; x_wconf 84' lang='lat' dir='ltr'>Socrates</span> <span class='ocrx_word' id='word_1_171' title='bbox 731 1433 906 1476; x_wconf 72' lang='lat' dir='ltr'>opinatur</span> <span class='ocrx_word' id='word_1_172' title='bbox 930 1414 1076 1466; x_wconf 71' lang='lat' dir='ltr'>ratione</span> <span class='ocrx_word' id='word_1_173' title='bbox 1102 1433 1274 1477; x_wconf 90' lang='lat' dir='ltr'>agerent,</span> <span class='ocrx_word' id='word_1_174' title='bbox 1301 1432 1490 1466; x_wconf 85' lang='lat' dir='ltr'>mirabiles</span> <span class='ocrx_word' id='word_1_175' title='bbox 1515 1442 1607 1466; x_wconf 85' lang='lat' dir='ltr'>esse.</span> 
     </span>
     <span class='ocr_line' id='line_1_21' title="bbox 189 1476 1609 1521; baseline -0.001 -10"><span class='ocrx_word' id='word_1_176' title='bbox 189 1477 310 1519; x_wconf 84' lang='lat' dir='ltr'>Quare</span> <span class='ocrx_word' id='word_1_177' title='bbox 324 1476 640 1511; x_wconf 84' lang='lat' dir='ltr'>Schleierrnacher</span> <span class='ocrx_word' id='word_1_178' title='bbox 655 1478 886 1520; x_wconf 81' lang='grc' dir='ltr'><em>θαυμασίως</em></span> <span class='ocrx_word' id='word_1_179' title='bbox 903 1477 940 1510; x_wconf 87' lang='grc'>111</span> <span class='ocrx_word' id='word_1_180' title='bbox 958 1477 1177 1521; x_wconf 78' lang='grc' dir='ltr'><em>θαυμάσιοί</em></span> <span class='ocrx_word' id='word_1_181' title='bbox 1202 1489 1260 1512; x_wconf 92' lang='grc' dir='ltr'>σοι</span> <span class='ocrx_word' id='word_1_182' title='bbox 1287 1477 1507 1511; x_wconf 87' lang='lat' dir='ltr'>mutandum</span> <span class='ocrx_word' id='word_1_183' title='bbox 1525 1487 1609 1511; x_wconf 88' lang='lat' dir='ltr'>cen-</span> 
     </span>
     <span class='ocr_line' id='line_1_22' title="bbox 189 1521 1610 1567; baseline -0.001 -11"><span class='ocrx_word' id='word_1_184' title='bbox 189 1522 263 1557; x_wconf 85' lang='lat' dir='ltr'>suit</span> <span class='ocrx_word' id='word_1_185' title='bbox 295 1521 403 1564; x_wconf 91' lang='lat' dir='ltr'>eique</span> <span class='ocrx_word' id='word_1_186' title='bbox 435 1522 473 1555; x_wconf 91' lang='lat' dir='ltr'>in</span> <span class='ocrx_word' id='word_1_187' title='bbox 508 1521 604 1558; x_wconf 83' lang='lat' dir='ltr'>stud</span> <span class='ocrx_word' id='word_1_188' title='bbox 629 1522 758 1567; x_wconf 90' lang='lat' dir='ltr'>philol.</span> <span class='ocrx_word' id='word_1_189' title='bbox 784 1533 820 1566; x_wconf 87' lang='lat' dir='ltr'>p.</span> <span class='ocrx_word' id='word_1_190' title='bbox 848 1525 913 1556; x_wconf 64' lang='lat'>849</span> <span class='ocrx_word' id='word_1_191' title='bbox 938 1521 993 1556; x_wconf 83' lang='lat' dir='ltr'>ita</span> <span class='ocrx_word' id='word_1_192' title='bbox 1024 1533 1191 1557; x_wconf 78' lang='lat' dir='ltr'>assensus</span> <span class='ocrx_word' id='word_1_193' title='bbox 1216 1533 1315 1564; x_wconf 87' lang='lat' dir='ltr'>sum,</span> <span class='ocrx_word' id='word_1_194' title='bbox 1340 1523 1382 1555; x_wconf 91' lang='lat' dir='ltr'>ut</span> <span class='ocrx_word' id='word_1_195' title='bbox 1404 1531 1610 1565; x_wconf 86' lang='lat' dir='ltr'>pronomen</span> 
     </span>
     <span class='ocr_line' id='line_1_23' title="bbox 190 1566 1612 1611; baseline -0.002 -8"><span class='ocrx_word' id='word_1_196' title='bbox 190 1567 408 1609; x_wconf 82' lang='lat' dir='ltr'>abiicerem3</span> <span class='ocrx_word' id='word_1_197' title='bbox 443 1567 499 1601; x_wconf 82' lang='lat' dir='ltr'>est</span> <span class='ocrx_word' id='word_1_198' title='bbox 529 1566 625 1600; x_wconf 89' lang='lat' dir='ltr'>enim</span> <span class='ocrx_word' id='word_1_199' title='bbox 656 1568 884 1610; x_wconf 78' lang='grc' dir='ltr'><em>θαυμασιως</em></span> <span class='ocrx_word' id='word_1_200' title='bbox 917 1568 1087 1602; x_wconf 86' lang='lat' dir='ltr'>exortum</span> <span class='ocrx_word' id='word_1_201' title='bbox 1118 1566 1304 1610; x_wconf 74' lang='lat' dir='ltr'>frequenti</span> <span class='ocrx_word' id='word_1_202' title='bbox 1335 1566 1612 1611; x_wconf 72' lang='lat' dir='ltr'>permutatione</span> 
     </span>
     <span class='ocr_line' id='line_1_24' title="bbox 187 1611 1611 1657; baseline -0.001 -11"><span class='ocrx_word' id='word_1_203' title='bbox 187 1613 397 1647; x_wconf 87' lang='lat' dir='ltr'>litterarum</span> <span class='ocrx_word' id='word_1_204' title='bbox 424 1626 436 1646; x_wconf 92' lang='grc' dir='ltr'>ι</span> <span class='ocrx_word' id='word_1_205' title='bbox 462 1613 499 1647; x_wconf 87' lang='lat' dir='ltr'>et</span> <span class='ocrx_word' id='word_1_206' title='bbox 524 1626 552 1654; x_wconf 88' lang='grc' dir='ltr'><em>ς,</em></span> <span class='ocrx_word' id='word_1_207' title='bbox 579 1611 622 1647; x_wconf 88' lang='lat' dir='ltr'>cf.</span> <span class='ocrx_word' id='word_1_208' title='bbox 649 1623 684 1656; x_wconf 90' lang='lat' dir='ltr'>p.</span> <span class='ocrx_word' id='word_1_209' title='bbox 712 1616 776 1647; x_wconf 79' lang='lat'>327</span> <span class='ocrx_word' id='word_1_210' title='bbox 802 1611 841 1654; x_wconf 86' lang='lat' dir='ltr'>E,</span> <span class='ocrx_word' id='word_1_211' title='bbox 866 1611 1025 1647; x_wconf 88' lang='lat' dir='ltr'>Phaedr.</span> <span class='ocrx_word' id='word_1_212' title='bbox 1052 1624 1087 1657; x_wconf 84' lang='lat' dir='ltr'>p.</span> <span class='ocrx_word' id='word_1_213' title='bbox 1113 1612 1239 1646; x_wconf 82' lang='lat' dir='ltr'><strong>247D.</strong></span> <span class='ocrx_word' id='word_1_214' title='bbox 1281 1612 1387 1646; x_wconf 88' lang='lat' dir='ltr'>Hanc</span> <span class='ocrx_word' id='word_1_215' title='bbox 1412 1611 1611 1645; x_wconf 88' lang='lat' dir='ltr'>lectionem</span> 
     </span>
     <span class='ocr_line' id='line_1_25' title="bbox 189 1655 773 1703; baseline -0.005 -10"><span class='ocrx_word' id='word_1_216' title='bbox 189 1655 407 1703; x_wconf 82' lang='grc' dir='ltr'><em>θαυμάσιοι</em></span> <span class='ocrx_word' id='word_1_217' title='bbox 444 1658 587 1701; x_wconf 86' lang='lat' dir='ltr'>recepit</span> <span class='ocrx_word' id='word_1_218' title='bbox 621 1657 773 1692; x_wconf 85' lang='lat' dir='ltr'>Schanz.</span> 
     </span>
    </p>
   </div>
   <div class='ocr_carea' id='block_1_6' title="bbox 191 1791 872 2913">
    <p class='ocr_par' dir='ltr' id='par_1_6' title="bbox 191 1791 865 1881">
     <span class='ocr_line' id='line_1_26' title="bbox 191 1791 865 1826; baseline -0.001 0"><span class='ocrx_word' id='word_1_219' title='bbox 191 1791 327 1826; x_wconf 85' lang='lat' dir='ltr'>minis</span> <span class='ocrx_word' id='word_1_220' title='bbox 364 1791 595 1825; x_wconf 79' lang='lat' dir='ltr'>virtutem.</span> <span class='ocrx_word' id='word_1_221' title='bbox 646 1791 699 1826; x_wconf 90' lang='lat' dir='ltr'>De</span> <span class='ocrx_word' id='word_1_222' title='bbox 737 1791 865 1825; x_wconf 85' lang='lat' dir='ltr'>addito</span> 
     </span>
     <span class='ocr_line' id='line_1_27' title="bbox 194 1835 646 1881; baseline 0 -9"><span class='ocrx_word' id='word_1_223' title='bbox 194 1835 293 1872; x_wconf 82' lang='grc' dir='ltr'><em>εἶναι</em></span> <span class='ocrx_word' id='word_1_224' title='bbox 318 1848 349 1870; x_wconf 82' lang='grc' dir='ltr'>ν.</span> <span class='ocrx_word' id='word_1_225' title='bbox 376 1836 424 1870; x_wconf 86' lang='lat' dir='ltr'>ad</span> <span class='ocrx_word' id='word_1_226' title='bbox 448 1848 485 1881; x_wconf 93' lang='lat' dir='ltr'>p.</span> <span class='ocrx_word' id='word_1_227' title='bbox 513 1839 576 1871; x_wconf 83' lang='lat'>311</span> <span class='ocrx_word' id='word_1_228' title='bbox 603 1835 646 1872; x_wconf 91' lang='lat' dir='ltr'>E.</span> 
     </span>
    </p>

    <p class='ocr_par' dir='ltr' id='par_1_7' title="bbox 191 1886 872 2913">
     <span class='ocr_line' id='line_1_28' title="bbox 238 1886 865 1936; baseline -0.002 -10"><span class='ocrx_word' id='word_1_229' title='bbox 238 1897 268 1927; x_wconf 95' lang='lat'>1.</span> <span class='ocrx_word' id='word_1_230' title='bbox 291 1892 331 1927; x_wconf 80' lang='grc' dir='ltr'><em>εἰ</em></span> <span class='ocrx_word' id='word_1_231' title='bbox 354 1889 472 1926; x_wconf 88' lang='grc' dir='ltr'><em>τοῦτ’</em></span> <span class='ocrx_word' id='word_1_232' title='bbox 503 1890 632 1927; x_wconf 75' lang='grc' dir='ltr'><em>ἐστὶν</em></span> <span class='ocrx_word' id='word_1_233' title='bbox 659 1886 709 1926; x_wconf 79' lang='grc' dir='ltr'>οὗ</span> <span class='ocrx_word' id='word_1_234' title='bbox 730 1893 865 1936; x_wconf 81' lang='grc' dir='ltr'><em>δεῑ-]</em></span> 
     </span>
     <span class='ocr_line' id='line_1_29' title="bbox 191 1936 867 1981; baseline -0.001 -10"><span class='ocrx_word' id='word_1_235' title='bbox 191 1937 246 1980; x_wconf 86' lang='lat' dir='ltr'>si,</span> <span class='ocrx_word' id='word_1_236' title='bbox 260 1937 466 1981; x_wconf 83' lang='lat' dir='ltr'>inquam,</span> <span class='ocrx_word' id='word_1_237' title='bbox 488 1937 572 1971; x_wconf 65' lang='grc'>100</span> <span class='ocrx_word' id='word_1_238' title='bbox 590 1938 658 1971; x_wconf 92' lang='lat' dir='ltr'>est</span> <span class='ocrx_word' id='word_1_239' title='bbox 676 1937 744 1971; x_wconf 91' lang='lat' dir='ltr'>etc.</span> <span class='ocrx_word' id='word_1_240' title='bbox 771 1936 867 1970; x_wconf 77' lang='lat' dir='ltr'>Nam</span> 
     </span>
     <span class='ocr_line' id='line_1_30' title="bbox 192 1981 867 2017; baseline -0.005 0"><span class='ocrx_word' id='word_1_241' title='bbox 192 1983 312 2017; x_wconf 89' lang='lat' dir='ltr'>denuo</span> <span class='ocrx_word' id='word_1_242' title='bbox 330 1981 432 2016; x_wconf 91' lang='lat' dir='ltr'>filum</span> <span class='ocrx_word' id='word_1_243' title='bbox 450 1981 628 2016; x_wconf 84' lang='lat' dir='ltr'>orationis</span> <span class='ocrx_word' id='word_1_244' title='bbox 645 1981 867 2016; x_wconf 83' lang='lat' dir='ltr'>redorditur.</span> 
     </span>
     <span class='ocr_line' id='line_1_31' title="bbox 192 2026 865 2079; baseline 0 -18"><span class='ocrx_word' id='word_1_245' title='bbox 192 2027 279 2062; x_wconf 83' lang='lat' dir='ltr'>Mox</span> <span class='ocrx_word' id='word_1_246' title='bbox 303 2027 440 2061; x_wconf 88' lang='lat' dir='ltr'>iterum</span> <span class='ocrx_word' id='word_1_247' title='bbox 458 2029 543 2071; x_wconf 81' lang='lat' dir='ltr'>post</span> <span class='ocrx_word' id='word_1_248' title='bbox 560 2026 766 2079; x_wconf 85' lang='lat' dir='ltr'>longiorem</span> <span class='ocrx_word' id='word_1_249' title='bbox 785 2037 865 2061; x_wconf 89' lang='lat' dir='ltr'>ver-</span> 
     </span>
     <span class='ocr_line' id='line_1_32' title="bbox 192 2069 867 2115; baseline 0 -10"><span class='ocrx_word' id='word_1_250' title='bbox 192 2073 323 2106; x_wconf 89' lang='lat' dir='ltr'>borum</span> <span class='ocrx_word' id='word_1_251' title='bbox 351 2071 549 2105; x_wconf 86' lang='lat' dir='ltr'>ambitum:</span> <span class='ocrx_word' id='word_1_252' title='bbox 577 2070 618 2106; x_wconf 76' lang='grc' dir='ltr'><em>εἰ</em></span> <span class='ocrx_word' id='word_1_253' title='bbox 643 2069 758 2105; x_wconf 89' lang='grc' dir='ltr'><em>ου’τω</em></span> <span class='ocrx_word' id='word_1_254' title='bbox 783 2070 867 2115; x_wconf 82' lang='grc' dir='ltr'><em>μεν</em></span> 
     </span>
     <span class='ocr_line' id='line_1_33' title="bbox 195 2113 868 2170; baseline 0 -19"><span class='ocrx_word' id='word_1_255' title='bbox 195 2116 289 2161; x_wconf 80' lang='grc' dir='ltr'><em>ἔχει</em></span> <span class='ocrx_word' id='word_1_256' title='bbox 327 2113 422 2158; x_wconf 80' lang='grc' dir='ltr'><em>κτὲ.,</em></span> <span class='ocrx_word' id='word_1_257' title='bbox 459 2117 494 2150; x_wconf 82' lang='lat' dir='ltr'>si</span> <span class='ocrx_word' id='word_1_258' title='bbox 525 2117 677 2170; x_wconf 72' lang='lat' dir='ltr'>iyitu‘r</span> <span class='ocrx_word' id='word_1_259' title='bbox 703 2127 772 2150; x_wconf 84' lang='lat' dir='ltr'>res</span> <span class='ocrx_word' id='word_1_260' title='bbox 802 2117 868 2151; x_wconf 89' lang='lat' dir='ltr'>ita</span> 
     </span>
     <span class='ocr_line' id='line_1_34' title="bbox 195 2155 866 2197; baseline -0.002 -1"><span class='ocrx_word' id='word_1_261' title='bbox 195 2173 241 2196; x_wconf 85' lang='lat' dir='ltr'>se</span> <span class='ocrx_word' id='word_1_262' title='bbox 272 2161 424 2195; x_wconf 86' lang='lat' dir='ltr'>habet.</span> <span class='ocrx_word' id='word_1_263' title='bbox 473 2161 514 2195; x_wconf 90' lang='lat' dir='ltr'>In</span> <span class='ocrx_word' id='word_1_264' title='bbox 545 2161 602 2195; x_wconf 87' lang='lat' dir='ltr'>his</span> <span class='ocrx_word' id='word_1_265' title='bbox 634 2155 677 2195; x_wconf 78' lang='grc' dir='ltr'>οὗ</span> <span class='ocrx_word' id='word_1_266' title='bbox 705 2163 772 2195; x_wconf 81' lang='grc' dir='ltr'><em>δεῖ</em></span> <span class='ocrx_word' id='word_1_267' title='bbox 791 2159 866 2197; x_wconf 80' lang='grc' dir='ltr'>κτὲ.</span> 
     </span>
     <span class='ocr_line' id='line_1_35' title="bbox 195 2205 868 2241; baseline -0.002 0"><span class='ocrx_word' id='word_1_268' title='bbox 195 2217 217 2240; x_wconf 87' lang='lat' dir='ltr'>a</span> <span class='ocrx_word' id='word_1_269' title='bbox 240 2206 398 2241; x_wconf 86' lang='lat' dir='ltr'>relativo</span> <span class='ocrx_word' id='word_1_270' title='bbox 415 2205 552 2240; x_wconf 86' lang='lat' dir='ltr'>transit</span> <span class='ocrx_word' id='word_1_271' title='bbox 569 2205 617 2240; x_wconf 87' lang='lat' dir='ltr'>ad</span> <span class='ocrx_word' id='word_1_272' title='bbox 636 2206 868 2240; x_wconf 84' lang='lat' dir='ltr'>demonstr-a</span> 
     </span>
     <span class='ocr_line' id='line_1_36' title="bbox 193 2247 869 2305; baseline -0.002 -20"><span class='ocrx_word' id='word_1_273' title='bbox 193 2251 312 2285; x_wconf 91' lang='lat' dir='ltr'>tivum</span> <span class='ocrx_word' id='word_1_274' title='bbox 338 2247 433 2294; x_wconf 75' lang='grc' dir='ltr'><em>μετὰ</em></span> <span class='ocrx_word' id='word_1_275' title='bbox 458 2249 606 2285; x_wconf 83' lang='grc' dir='ltr'><em>τούτου.</em></span> <span class='ocrx_word' id='word_1_276' title='bbox 658 2251 754 2284; x_wconf 91' lang='lat' dir='ltr'>Nam</span> <span class='ocrx_word' id='word_1_277' title='bbox 785 2261 869 2305; x_wconf 86' lang='lat' dir='ltr'>pro-</span> 
     </span>
     <span class='ocr_line' id='line_1_37' title="bbox 193 2292 867 2349; baseline 0 -19"><span class='ocrx_word' id='word_1_278' title='bbox 193 2296 274 2349; x_wconf 87' lang='lat' dir='ltr'>prie</span> <span class='ocrx_word' id='word_1_279' title='bbox 298 2305 455 2340; x_wconf 86' lang='lat' dir='ltr'>pergere</span> <span class='ocrx_word' id='word_1_280' title='bbox 480 2295 659 2330; x_wconf 88' lang='lat' dir='ltr'>debebat:</span> <span class='ocrx_word' id='word_1_281' title='bbox 683 2298 747 2329; x_wconf 83' lang='grc' dir='ltr'>καὶ</span> <span class='ocrx_word' id='word_1_282' title='bbox 773 2292 867 2339; x_wconf 80' lang='grc' dir='ltr'><em>μεθ’</em></span> 
     </span>
     <span class='ocr_line' id='line_1_38' title="bbox 196 2339 870 2393; baseline -0.003 -18"><span class='ocrx_word' id='word_1_283' title='bbox 196 2353 253 2375; x_wconf 90' lang='grc' dir='ltr'>ου.</span> <span class='ocrx_word' id='word_1_284' title='bbox 304 2340 378 2375; x_wconf 86' lang='lat' dir='ltr'>Sed</span> <span class='ocrx_word' id='word_1_285' title='bbox 413 2350 563 2393; x_wconf 83' lang='lat' dir='ltr'>prorsus</span> <span class='ocrx_word' id='word_1_286' title='bbox 594 2339 724 2374; x_wconf 86' lang='lat' dir='ltr'>eodem</span> <span class='ocrx_word' id='word_1_287' title='bbox 761 2340 870 2374; x_wconf 86' lang='lat' dir='ltr'>modo</span> 
     </span>
     <span class='ocr_line' id='line_1_39' title="bbox 193 2379 870 2440; baseline -0.002 -21"><span class='ocrx_word' id='word_1_288' title='bbox 193 2385 507 2428; x_wconf 83' lang='lat' dir='ltr'>Phileb.p,12B:</span> <span class='ocrx_word' id='word_1_289' title='bbox 540 2380 587 2429; x_wconf 82' lang='grc' dir='ltr'>ἣν</span> <span class='ocrx_word' id='word_1_290' title='bbox 613 2379 679 2420; x_wconf 85' lang='grc' dir='ltr'>όδε</span> <span class='ocrx_word' id='word_1_291' title='bbox 702 2383 870 2440; x_wconf 79' lang='grc' dir='ltr'><em>Ἀφροδί-</em></span> 
     </span>
     <span class='ocr_line' id='line_1_40' title="bbox 195 2426 869 2484; baseline -0.003 -19"><span class='ocrx_word' id='word_1_292' title='bbox 195 2443 265 2483; x_wconf 86' lang='grc' dir='ltr'><em>την</em></span> <span class='ocrx_word' id='word_1_293' title='bbox 296 2429 364 2474; x_wconf 78' lang='grc' dir='ltr'>μὲν</span> <span class='ocrx_word' id='word_1_294' title='bbox 395 2427 581 2484; x_wconf 76' lang='grc' dir='ltr'><em>λέγεσθαί</em></span> <span class='ocrx_word' id='word_1_295' title='bbox 610 2428 797 2484; x_wconf 84' lang='grc' dir='ltr'><em>φησι,τὸ</em></span> <span class='ocrx_word' id='word_1_296' title='bbox 831 2426 869 2464; x_wconf 83' lang='grc' dir='ltr'><em>δ’</em></span> 
     </span>
     <span class='ocr_line' id='line_1_41' title="bbox 197 2472 871 2529; baseline -0.003 -20"><span class='ocrx_word' id='word_1_297' title='bbox 197 2472 463 2529; x_wconf 80' lang='grc' dir='ltr'><em>ἀληθέστατον</em></span> <span class='ocrx_word' id='word_1_298' title='bbox 482 2472 602 2518; x_wconf 78' lang='grc' dir='ltr'><em>αὐτῆς</em></span> <span class='ocrx_word' id='word_1_299' title='bbox 620 2472 742 2517; x_wconf 77' lang='grc' dir='ltr'><em>ὄνομα</em></span> <span class='ocrx_word' id='word_1_300' title='bbox 755 2472 871 2508; x_wconf 87' lang='grc' dir='ltr'><em>Ἡδο-</em></span> 
     </span>
     <span class='ocr_line' id='line_1_42' title="bbox 196 2517 870 2617; baseline -0.004 -17"><span class='ocrx_word' id='word_1_301' title='bbox 196 2518 281 2609; x_wconf 55' lang='grc' dir='ltr'>ἷέἢᾌ</span> <span class='ocrx_word' id='word_1_302' title='bbox 285 2517 618 2599; x_wconf 47' lang='grc' dir='ltr'>ηῗνῖἒῂῗᾎὲξὲἓ</span> <span class='ocrx_word' id='word_1_303' title='bbox 655 2519 870 2617; x_wconf 49' lang='grc' dir='ltr'>ἰθέἕέἓῖἕῗρ</span> 
     </span>
     <span class='ocr_line' id='line_1_43' title="bbox 197 2603 870 2663; baseline -0.001 -19"><span class='ocrx_word' id='word_1_304' title='bbox 197 2610 296 2663; x_wconf 78' lang='lat' dir='ltr'>quod</span> <span class='ocrx_word' id='word_1_305' title='bbox 337 2619 423 2643; x_wconf 85' lang='lat' dir='ltr'>mox</span> <span class='ocrx_word' id='word_1_306' title='bbox 464 2609 652 2643; x_wconf 86' lang='lat' dir='ltr'>adduntur</span> <span class='ocrx_word' id='word_1_307' title='bbox 694 2603 870 2653; x_wconf 67' lang='grc' dir='ltr'>111100εῆ</span> 
     </span>
     <span class='ocr_line' id='line_1_44' title="bbox 198 2652 869 2698; baseline -0.004 -8"><span class='ocrx_word' id='word_1_308' title='bbox 198 2653 276 2690; x_wconf 87' lang='grc' dir='ltr'><em>τὸν</em></span> <span class='ocrx_word' id='word_1_309' title='bbox 301 2652 352 2698; x_wconf 87' lang='grc' dir='ltr'><em>μή</em></span> <span class='ocrx_word' id='word_1_310' title='bbox 378 2654 587 2698; x_wconf 82' lang='grc' dir='ltr'><em>μετέχοντα</em></span> <span class='ocrx_word' id='word_1_311' title='bbox 613 2675 654 2679; x_wconf 93' lang='grc'><strong>-</strong></span> <span class='ocrx_word' id='word_1_312' title='bbox 681 2652 869 2697; x_wconf 78' lang='grc' dir='ltr'><em>κολάζειν,</em></span> 
     </span>
     <span class='ocr_line' id='line_1_45' title="bbox 198 2700 872 2744; baseline -0.003 -10"><span class='ocrx_word' id='word_1_313' title='bbox 198 2700 246 2734; x_wconf 90' lang='lat' dir='ltr'>ad</span> <span class='ocrx_word' id='word_1_314' title='bbox 277 2709 373 2743; x_wconf 88' lang='lat' dir='ltr'>quae</span> <span class='ocrx_word' id='word_1_315' title='bbox 411 2701 568 2744; x_wconf 86' lang='lat' dir='ltr'>apparet</span> <span class='ocrx_word' id='word_1_316' title='bbox 602 2701 728 2734; x_wconf 87' lang='lat' dir='ltr'>mente</span> <span class='ocrx_word' id='word_1_317' title='bbox 765 2709 872 2744; x_wconf 89' lang='lat' dir='ltr'>repe-</span> 
     </span>
     <span class='ocr_line' id='line_1_46' title="bbox 197 2743 871 2793; baseline -0.001 -15"><span class='ocrx_word' id='word_1_318' title='bbox 197 2744 351 2779; x_wconf 88' lang='lat' dir='ltr'>tendum</span> <span class='ocrx_word' id='word_1_319' title='bbox 368 2754 446 2778; x_wconf 80' lang='lat' dir='ltr'>esse</span> <span class='ocrx_word' id='word_1_320' title='bbox 461 2744 615 2779; x_wconf 90' lang='lat' dir='ltr'>verbum</span> <span class='ocrx_word' id='word_1_321' title='bbox 631 2746 703 2779; x_wconf 85' lang='grc' dir='ltr'><em>δεῖ.</em></span> <span class='ocrx_word' id='word_1_322' title='bbox 728 2743 871 2793; x_wconf 85' lang='lat' dir='ltr'>Deinde</span> 
     </span>
     <span class='ocr_line' id='line_1_47' title="bbox 198 2783 872 2840; baseline -0.001 -18"><span class='ocrx_word' id='word_1_323' title='bbox 198 2789 312 2823; x_wconf 86' lang='lat' dir='ltr'>verbo</span> <span class='ocrx_word' id='word_1_324' title='bbox 339 2783 438 2825; x_wconf 87' lang='grc' dir='ltr'><em>ου’τω</em></span> <span class='ocrx_word' id='word_1_325' title='bbox 463 2790 550 2824; x_wconf 88' lang='lat' dir='ltr'>ante</span> <span class='ocrx_word' id='word_1_326' title='bbox 568 2786 749 2834; x_wconf 82' lang='grc' dir='ltr'><em>πράττειν</em></span> <span class='ocrx_word' id='word_1_327' title='bbox 767 2788 872 2840; x_wconf 86' lang='lat' dir='ltr'>quasi</span> 
     </span>
     <span class='ocr_line' id='line_1_48' title="bbox 198 2831 872 2878; baseline 0 -11"><span class='ocrx_word' id='word_1_328' title='bbox 198 2833 354 2868; x_wconf 85' lang='lat' dir='ltr'>iteratur</span> <span class='ocrx_word' id='word_1_329' title='bbox 412 2833 612 2869; x_wconf 88' lang='lat' dir='ltr'>raecedens</span> <span class='ocrx_word' id='word_1_330' title='bbox 645 2834 738 2867; x_wconf 85' lang='lat' dir='ltr'>illud</span> <span class='ocrx_word' id='word_1_331' title='bbox 777 2831 872 2878; x_wconf 75' lang='grc' dir='ltr'><em>μετὰ</em></span> 
     </span>
     <span class='ocr_line' id='line_1_49' title="bbox 199 2876 499 2913; baseline 0.003 -1"><span class='ocrx_word' id='word_1_332' title='bbox 199 2876 345 2912; x_wconf 79' lang='grc' dir='ltr'><em>τούτου.</em></span> <span class='ocrx_word' id='word_1_333' title='bbox 372 2879 499 2913; x_wconf 82' lang='lat' dir='ltr'>tallb.</span> 
     </span>
    </p>
   </div>
   <div class='ocr_carea' id='block_1_7' title="bbox 936 1785 1613 2014">
    <p class='ocr_par' dir='ltr' id='par_1_8' title="bbox 936 1785 1613 2014">
     <span class='ocr_line' id='line_1_50' title="bbox 981 1785 1610 1826; baseline 0 -2"><span class='ocrx_word' id='word_1_334' title='bbox 981 1794 1013 1825; x_wconf 89' lang='lat'>4.</span> <span class='ocrx_word' id='word_1_335' title='bbox 1045 1792 1123 1826; x_wconf 81' lang='grc' dir='ltr'>καὶ</span> <span class='ocrx_word' id='word_1_336' title='bbox 1154 1791 1307 1825; x_wconf 85' lang='grc' dir='ltr'><em>παῖδα</em></span> <span class='ocrx_word' id='word_1_337' title='bbox 1339 1791 1416 1826; x_wconf 82' lang='grc' dir='ltr'>καὶ</span> <span class='ocrx_word' id='word_1_338' title='bbox 1448 1785 1545 1826; x_wconf 55' lang='lat' dir='ltr'>Siva.</span> <span class='ocrx_word' id='word_1_339' title='bbox 1579 1803 1610 1826; x_wconf 84' lang='grc' dir='ltr'><em>κ.</em></span> 
     </span>
     <span class='ocr_line' id='line_1_51' title="bbox 937 1834 1613 1881; baseline -0.003 -11"><span class='ocrx_word' id='word_1_340' title='bbox 937 1836 1155 1881; x_wconf 77' lang='grc' dir='ltr'><em>γυναῖκα]</em></span> <span class='ocrx_word' id='word_1_341' title='bbox 1183 1834 1304 1877; x_wconf 82' lang='lat' dir='ltr'>Quum</span> <span class='ocrx_word' id='word_1_342' title='bbox 1326 1835 1369 1869; x_wconf 88' lang='lat' dir='ltr'>de</span> <span class='ocrx_word' id='word_1_343' title='bbox 1388 1835 1613 1869; x_wconf 83' lang='lat' dir='ltr'>coercitione</span> 
     </span>
     <span class='ocr_line' id='line_1_52' title="bbox 937 1880 1613 1924; baseline -0.002 -10"><span class='ocrx_word' id='word_1_344' title='bbox 937 1881 1087 1924; x_wconf 81' lang='lat' dir='ltr'>agatur,</span> <span class='ocrx_word' id='word_1_345' title='bbox 1126 1880 1222 1915; x_wconf 85' lang='lat' dir='ltr'>ratio</span> <span class='ocrx_word' id='word_1_346' title='bbox 1252 1890 1325 1914; x_wconf 89' lang='lat' dir='ltr'>non</span> <span class='ocrx_word' id='word_1_347' title='bbox 1358 1880 1514 1914; x_wconf 85' lang='lat' dir='ltr'>obscura</span> <span class='ocrx_word' id='word_1_348' title='bbox 1544 1881 1613 1923; x_wconf 82' lang='lat' dir='ltr'>est,</span> 
     </span>
     <span class='ocr_line' id='line_1_53' title="bbox 938 1925 1610 1975; baseline -0.002 -16"><span class='ocrx_word' id='word_1_349' title='bbox 938 1937 1002 1959; x_wconf 85' lang='lat' dir='ltr'>cur</span> <span class='ocrx_word' id='word_1_350' title='bbox 1026 1937 1117 1969; x_wconf 90' lang='lat' dir='ltr'>puer</span> <span class='ocrx_word' id='word_1_351' title='bbox 1142 1926 1262 1975; x_wconf 87' lang='lat' dir='ltr'>primo</span> <span class='ocrx_word' id='word_1_352' title='bbox 1287 1925 1382 1967; x_wconf 91' lang='lat' dir='ltr'>loco,</span> <span class='ocrx_word' id='word_1_353' title='bbox 1409 1925 1540 1959; x_wconf 84' lang='lat' dir='ltr'>ultimo</span> <span class='ocrx_word' id='word_1_354' title='bbox 1558 1925 1610 1959; x_wconf 87' lang='lat' dir='ltr'>fe-</span> 
     </span>
     <span class='ocr_line' id='line_1_54' title="bbox 936 1970 1611 2014; baseline 0 -11"><span class='ocrx_word' id='word_1_355' title='bbox 936 1971 1038 2005; x_wconf 91' lang='lat' dir='ltr'>mina</span> <span class='ocrx_word' id='word_1_356' title='bbox 1062 1971 1185 2014; x_wconf 86' lang='lat' dir='ltr'>posita</span> <span class='ocrx_word' id='word_1_357' title='bbox 1210 1970 1268 2011; x_wconf 83' lang='lat' dir='ltr'>sit,</span> <span class='ocrx_word' id='word_1_358' title='bbox 1295 1981 1330 2004; x_wconf 86' lang='lat' dir='ltr'>v.</span> <span class='ocrx_word' id='word_1_359' title='bbox 1356 1970 1403 2004; x_wconf 89' lang='lat' dir='ltr'>ad</span> <span class='ocrx_word' id='word_1_360' title='bbox 1428 1981 1465 2014; x_wconf 91' lang='lat' dir='ltr'><strong>p</strong></span> <span class='ocrx_word' id='word_1_361' title='bbox 1492 1970 1611 2005; x_wconf 79' lang='lat' dir='ltr'><strong>314A</strong></span> 
     </span>
    </p>
   </div>
   <div class='ocr_carea' id='block_1_8' title="bbox 936 2022 1616 2923">
    <p class='ocr_par' dir='ltr' id='par_1_9' title="bbox 936 2022 1616 2465">
     <span class='ocr_line' id='line_1_55' title="bbox 983 2022 1615 2079; baseline -0.003 -18"><span class='ocrx_word' id='word_1_362' title='bbox 983 2025 1101 2061; x_wconf 86' lang='grc' dir='ltr'>9.οἱ</span> <span class='ocrx_word' id='word_1_363' title='bbox 1141 2022 1319 2079; x_wconf 76' lang='grc' dir='ltr'><em>αγαθοὶ</em></span> <span class='ocrx_word' id='word_1_364' title='bbox 1361 2022 1475 2068; x_wconf 79' lang='grc' dir='ltr'><em>ἅνδρ</em></span> <span class='ocrx_word' id='word_1_365' title='bbox 1487 2038 1531 2065; x_wconf 87' lang='grc' dir='ltr'><em>ες</em></span> <span class='ocrx_word' id='word_1_366' title='bbox 1573 2025 1615 2060; x_wconf 77' lang='grc' dir='ltr'><em>εἰ</em></span> 
     </span>
     <span class='ocr_line' id='line_1_56' title="bbox 937 2067 1613 2128; baseline -0.003 -22"><span class='ocrx_word' id='word_1_367' title='bbox 937 2085 990 2106; x_wconf 85' lang='grc' dir='ltr'>τα</span> <span class='ocrx_word' id='word_1_368' title='bbox 1028 2070 1110 2115; x_wconf 75' lang='grc' dir='ltr'>μὲν</span> <span class='ocrx_word' id='word_1_369' title='bbox 1148 2067 1262 2105; x_wconf 81' lang='grc' dir='ltr'><em>ἄλλα</em></span> <span class='ocrx_word' id='word_1_370' title='bbox 1276 2070 1346 2128; x_wconf 92' lang='lat'>——-]</span> <span class='ocrx_word' id='word_1_371' title='bbox 1385 2070 1468 2105; x_wconf 90' lang='lat' dir='ltr'>Non</span> <span class='ocrx_word' id='word_1_372' title='bbox 1505 2070 1613 2104; x_wconf 89' lang='lat' dir='ltr'>video</span> 
     </span>
     <span class='ocr_line' id='line_1_57' title="bbox 936 2115 1614 2161; baseline -0.001 -12"><span class='ocrx_word' id='word_1_373' title='bbox 936 2116 1138 2161; x_wconf 88' lang='lat' dir='ltr'>repetitum</span> <span class='ocrx_word' id='word_1_374' title='bbox 1159 2116 1229 2149; x_wconf 91' lang='grc'>1100</span> <span class='ocrx_word' id='word_1_375' title='bbox 1250 2115 1285 2150; x_wconf 83' lang='grc' dir='ltr'><em>εἰ</em></span> <span class='ocrx_word' id='word_1_376' title='bbox 1309 2115 1399 2160; x_wconf 86' lang='lat' dir='ltr'>quid</span> <span class='ocrx_word' id='word_1_377' title='bbox 1424 2115 1614 2150; x_wconf 87' lang='lat' dir='ltr'>molestiae</span> 
     </span>
     <span class='ocr_line' id='line_1_58' title="bbox 938 2160 1613 2204; baseline -0.003 -9"><span class='ocrx_word' id='word_1_378' title='bbox 938 2161 1082 2196; x_wconf 88' lang='lat' dir='ltr'>aff.erat</span> <span class='ocrx_word' id='word_1_379' title='bbox 1132 2161 1262 2204; x_wconf 91' lang='lat' dir='ltr'>Neque</span> <span class='ocrx_word' id='word_1_380' title='bbox 1300 2160 1437 2195; x_wconf 83' lang='lat' dir='ltr'>haereo</span> <span class='ocrx_word' id='word_1_381' title='bbox 1475 2161 1512 2194; x_wconf 91' lang='lat' dir='ltr'>in</span> <span class='ocrx_word' id='word_1_382' title='bbox 1551 2170 1613 2193; x_wconf 92' lang='lat' dir='ltr'>vo-</span> 
     </span>
     <span class='ocr_line' id='line_1_59' title="bbox 939 2204 1615 2240; baseline -0.003 0"><span class='ocrx_word' id='word_1_383' title='bbox 939 2207 1044 2240; x_wconf 90' lang='lat' dir='ltr'>culae</span> <span class='ocrx_word' id='word_1_384' title='bbox 1078 2205 1333 2240; x_wconf 85' lang='lat' dir='ltr'>collocatione.</span> <span class='ocrx_word' id='word_1_385' title='bbox 1381 2205 1477 2239; x_wconf 89' lang='lat' dir='ltr'>Nam</span> <span class='ocrx_word' id='word_1_386' title='bbox 1515 2204 1615 2239; x_wconf 82' lang='lat' dir='ltr'>istud</span> 
     </span>
     <span class='ocr_line' id='line_1_60' title="bbox 940 2248 1615 2295; baseline -0.003 -10"><span class='ocrx_word' id='word_1_387' title='bbox 940 2249 977 2285; x_wconf 83' lang='grc' dir='ltr'>οἵ</span> <span class='ocrx_word' id='word_1_388' title='bbox 1007 2248 1156 2295; x_wconf 79' lang='grc' dir='ltr'><em>αγαθοί</em></span> <span class='ocrx_word' id='word_1_389' title='bbox 1187 2261 1270 2284; x_wconf 83' lang='grc'>011111</span> <span class='ocrx_word' id='word_1_390' title='bbox 1295 2251 1331 2283; x_wconf 92' lang='lat' dir='ltr'>vi</span> <span class='ocrx_word' id='word_1_391' title='bbox 1356 2250 1492 2284; x_wconf 87' lang='lat' dir='ltr'>dicitur</span> <span class='ocrx_word' id='word_1_392' title='bbox 1515 2249 1615 2283; x_wconf 89' lang='lat' dir='ltr'>ideo-</span> 
     </span>
     <span class='ocr_line' id='line_1_61' title="bbox 939 2294 1616 2340; baseline -0.001 -11"><span class='ocrx_word' id='word_1_393' title='bbox 939 2306 1010 2338; x_wconf 90' lang='lat' dir='ltr'>que</span> <span class='ocrx_word' id='word_1_394' title='bbox 1042 2297 1120 2329; x_wconf 91' lang='lat' dir='ltr'>tum</span> <span class='ocrx_word' id='word_1_395' title='bbox 1152 2295 1313 2340; x_wconf 87' lang='lat' dir='ltr'>primum</span> <span class='ocrx_word' id='word_1_396' title='bbox 1337 2295 1460 2329; x_wconf 85' lang='lat' dir='ltr'>locum</span> <span class='ocrx_word' id='word_1_397' title='bbox 1485 2294 1523 2329; x_wconf 88' lang='lat' dir='ltr'>in</span> <span class='ocrx_word' id='word_1_398' title='bbox 1547 2295 1616 2328; x_wconf 86' lang='lat' dir='ltr'>hac</span> 
     </span>
     <span class='ocr_line' id='line_1_62' title="bbox 941 2340 1615 2390; baseline -0.002 -16"><span class='ocrx_word' id='word_1_399' title='bbox 941 2340 1137 2375; x_wconf 84' lang='lat' dir='ltr'>verborum</span> <span class='ocrx_word' id='word_1_400' title='bbox 1186 2340 1515 2390; x_wconf 82' lang='lat' dir='ltr'>comprehensione</span> <span class='ocrx_word' id='word_1_401' title='bbox 1557 2349 1615 2373; x_wconf 92' lang='grc'>00-</span> 
     </span>
     <span class='ocr_line' id='line_1_63' title="bbox 942 2383 1616 2429; baseline -0.004 -10"><span class='ocrx_word' id='word_1_402' title='bbox 942 2386 1071 2429; x_wconf 88' lang='lat' dir='ltr'>cupat,</span> <span class='ocrx_word' id='word_1_403' title='bbox 1103 2386 1183 2419; x_wconf 89' lang='lat' dir='ltr'>tum</span> <span class='ocrx_word' id='word_1_404' title='bbox 1213 2385 1371 2419; x_wconf 87' lang='lat' dir='ltr'>iteratur</span> <span class='ocrx_word' id='word_1_405' title='bbox 1403 2396 1439 2418; x_wconf 90' lang='grc'>111</span> <span class='ocrx_word' id='word_1_406' title='bbox 1471 2383 1616 2428; x_wconf 89' lang='lat' dir='ltr'>periodi</span> 
     </span>
     <span class='ocr_line' id='line_1_64' title="bbox 941 2429 1270 2465; baseline 0.003 -2"><span class='ocrx_word' id='word_1_407' title='bbox 941 2430 1117 2465; x_wconf 85' lang='lat' dir='ltr'>clausula.</span> <span class='ocrx_word' id='word_1_408' title='bbox 1144 2429 1270 2464; x_wconf 79' lang='lat' dir='ltr'>Stallb.</span> 
     </span>
    </p>

    <p class='ocr_par' dir='ltr' id='par_1_10' title="bbox 940 2469 1616 2923">
     <span class='ocr_line' id='line_1_65' title="bbox 988 2469 1614 2518; baseline -0.007 -8"><span class='ocrx_word' id='word_1_409' title='bbox 988 2479 1039 2511; x_wconf 91' lang='lat'>10.</span> <span class='ocrx_word' id='word_1_410' title='bbox 1089 2475 1279 2518; x_wconf 83' lang='grc' dir='ltr'><em>σκέψαι,</em></span> <span class='ocrx_word' id='word_1_411' title='bbox 1328 2473 1382 2514; x_wconf 75' lang='grc' dir='ltr'>ὡς</span> <span class='ocrx_word' id='word_1_412' title='bbox 1429 2469 1614 2515; x_wconf 78' lang='grc' dir='ltr'><em>θαυμά-</em></span> 
     </span>
     <span class='ocr_line' id='line_1_66' title="bbox 942 2517 1614 2570; baseline -0.003 -17"><span class='ocrx_word' id='word_1_413' title='bbox 942 2531 1035 2555; x_wconf 88' lang='grc' dir='ltr'><em>σιοι</em></span> <span class='ocrx_word' id='word_1_414' title='bbox 1062 2522 1310 2570; x_wconf 83' lang='grc' dir='ltr'><em>γιγνονται</em></span> <span class='ocrx_word' id='word_1_415' title='bbox 1331 2532 1370 2554; x_wconf 91' lang='grc' dir='ltr'>οι</span> <span class='ocrx_word' id='word_1_416' title='bbox 1390 2518 1456 2562; x_wconf 80' lang='grc' dir='ltr'>άγ</span> <span class='ocrx_word' id='word_1_417' title='bbox 1462 2519 1474 2562; x_wconf 97' lang='grc'>]</span> <span class='ocrx_word' id='word_1_418' title='bbox 1493 2517 1614 2559; x_wconf 78' lang='lat' dir='ltr'>vide,</span> 
     </span>
     <span class='ocr_line' id='line_1_67' title="bbox 941 2561 1616 2607; baseline -0.004 -9"><span class='ocrx_word' id='word_1_419' title='bbox 941 2574 1072 2607; x_wconf 88' lang='lat' dir='ltr'>quam</span> <span class='ocrx_word' id='word_1_420' title='bbox 1113 2565 1208 2598; x_wconf 87' lang='lat' dir='ltr'>sint</span> <span class='ocrx_word' id='word_1_421' title='bbox 1248 2563 1487 2598; x_wconf 86' lang='lat' dir='ltr'>mirabiles</span> <span class='ocrx_word' id='word_1_422' title='bbox 1536 2561 1616 2595; x_wconf 84' lang='lat' dir='ltr'>isti</span> 
     </span>
     <span class='ocr_line' id='line_1_68' title="bbox 940 2606 1616 2653; baseline -0.003 -10"><span class='ocrx_word' id='word_1_423' title='bbox 940 2609 1158 2652; x_wconf 76' lang='grc' dir='ltr'>110111,εο</span> <span class='ocrx_word' id='word_1_424' title='bbox 1201 2619 1244 2643; x_wconf 86' lang='lat' dir='ltr'>ex</span> <span class='ocrx_word' id='word_1_425' title='bbox 1287 2608 1516 2653; x_wconf 85' lang='lat' dir='ltr'>argumentis</span> <span class='ocrx_word' id='word_1_426' title='bbox 1556 2606 1616 2641; x_wconf 90' lang='grc'>1110</span> 
     </span>
     <span class='ocr_line' id='line_1_69' title="bbox 941 2637 1614 2698; baseline -0.007 -9"><span class='ocrx_word' id='word_1_427' title='bbox 941 2655 1151 2698; x_wconf 82' lang='lat' dir='ltr'>propositis</span> <span class='ocrx_word' id='word_1_428' title='bbox 1201 2637 1356 2697; x_wconf 81' lang='lat' dir='ltr'>Saepius</span> <span class='ocrx_word' id='word_1_429' title='bbox 1396 2664 1418 2688; x_wconf 90' lang='lat' dir='ltr'>a</span> <span class='ocrx_word' id='word_1_430' title='bbox 1457 2653 1614 2688; x_wconf 84' lang='lat' dir='ltr'>Platone</span> 
     </span>
     <span class='ocr_line' id='line_1_70' title="bbox 940 2696 1615 2742; baseline -0.005 -10"><span class='ocrx_word' id='word_1_431' title='bbox 940 2699 998 2741; x_wconf 87' lang='lat' dir='ltr'>id,</span> <span class='ocrx_word' id='word_1_432' title='bbox 1028 2700 1128 2742; x_wconf 88' lang='lat' dir='ltr'>quod</span> <span class='ocrx_word' id='word_1_433' title='bbox 1161 2698 1484 2741; x_wconf 85' lang='lat' dir='ltr'>argumentatione</span> <span class='ocrx_word' id='word_1_434' title='bbox 1517 2696 1615 2732; x_wconf 91' lang='lat' dir='ltr'>colli-</span> 
     </span>
     <span class='ocr_line' id='line_1_71' title="bbox 942 2743 1612 2799; baseline -0.002 -22"><span class='ocrx_word' id='word_1_435' title='bbox 942 2744 1055 2787; x_wconf 88' lang='lat' dir='ltr'>gitur,</span> <span class='ocrx_word' id='word_1_436' title='bbox 1088 2745 1294 2799; x_wconf 79' lang='grc' dir='ltr'><em>γίγνεσθαι</em></span> <span class='ocrx_word' id='word_1_437' title='bbox 1321 2743 1473 2785; x_wconf 87' lang='lat' dir='ltr'>dicitur,</span> <span class='ocrx_word' id='word_1_438' title='bbox 1510 2744 1552 2777; x_wconf 85' lang='lat' dir='ltr'>ut</span> <span class='ocrx_word' id='word_1_439' title='bbox 1576 2752 1612 2784; x_wconf 87' lang='lat' dir='ltr'>p.</span> 
     </span>
     <span class='ocr_line' id='line_1_72' title="bbox 941 2785 1614 2833; baseline -0.002 -9"><span class='ocrx_word' id='word_1_440' title='bbox 941 2800 976 2833; x_wconf 87' lang='lat' dir='ltr'>p.</span> <span class='ocrx_word' id='word_1_441' title='bbox 1002 2793 1068 2824; x_wconf 84' lang='lat'>355</span> <span class='ocrx_word' id='word_1_442' title='bbox 1093 2790 1124 2823; x_wconf 91' lang='lat' dir='ltr'>A</span> <span class='ocrx_word' id='word_1_443' title='bbox 1141 2788 1239 2833; x_wconf 86' lang='grc' dir='ltr'><em>φημὶ</em></span> <span class='ocrx_word' id='word_1_444' title='bbox 1265 2785 1357 2831; x_wconf 77' lang='grc' dir='ltr'><em>ὗμιν</em></span> <span class='ocrx_word' id='word_1_445' title='bbox 1390 2786 1528 2823; x_wconf 87' lang='grc' dir='ltr'><em>τούτου</em></span> <span class='ocrx_word' id='word_1_446' title='bbox 1553 2785 1614 2823; x_wconf 82' lang='grc' dir='ltr'>ού-</span> 
     </span>
     <span class='ocr_line' id='line_1_73' title="bbox 941 2829 1614 2888; baseline -0.001 -21"><span class='ocrx_word' id='word_1_447' title='bbox 941 2846 1012 2873; x_wconf 89' lang='grc' dir='ltr'><em>τως</em></span> <span class='ocrx_word' id='word_1_448' title='bbox 1048 2833 1199 2878; x_wconf 71' lang='grc' dir='ltr'><em>ἔχοντος</em></span> <span class='ocrx_word' id='word_1_449' title='bbox 1224 2836 1406 2888; x_wconf 58' lang='grc' dir='ltr'><em>χελοῑον</em></span> <span class='ocrx_word' id='word_1_450' title='bbox 1412 2830 1475 2868; x_wconf 86' lang='grc' dir='ltr'><em>τὸν</em></span> <span class='ocrx_word' id='word_1_451' title='bbox 1503 2829 1614 2887; x_wconf 83' lang='grc' dir='ltr'><em>λόγον</em></span> 
     </span>
     <span class='ocr_line' id='line_1_74' title="bbox 942 2873 1614 2923; baseline -0.002 -11"><span class='ocrx_word' id='word_1_452' title='bbox 942 2879 1167 2923; x_wconf 78' lang='grc' dir='ltr'><em>γίγνεσθαι,</em></span> <span class='ocrx_word' id='word_1_453' title='bbox 1223 2892 1316 2914; x_wconf 86' lang='grc' dir='ltr'><em>οταν</em></span> <span class='ocrx_word' id='word_1_454' title='bbox 1367 2877 1498 2922; x_wconf 81' lang='grc' dir='ltr'><em>λέγητε</em></span> <span class='ocrx_word' id='word_1_455' title='bbox 1539 2873 1614 2912; x_wconf 81' lang='grc' dir='ltr'>κτέ.</span> 
     </span>
    </p>
   </div>
  </div>
 </body>
</html>
