1907 3230
130 878 161 903 10

611 158 944 195 PROTAGORAS.
983 159 1023 194 P.
1048 163 1113 194 322
1138 159 1204 197 ST.
1549 161 1603 203 81

184 260 328 315 πυρὸς
367 258 508 314 αὐτὴν
548 260 714 314 κτητήν
752 274 812 315 τῳ
850 258 878 314 ἢ
918 261 1139 314 χρησίμην
1184 260 1397 312 γενέσθαι
1438 286 1487 290 -
1527 260 1602 303 καὶ

182 326 375 381 οὕτώδή
400 328 609 382 δωρεῖται
634 325 874 382 ἀνθρώπῳ.
926 325 1007 381 τὴν
1037 325 1120 381 μὲν
1151 320 1235 367 οὖν
1266 326 1369 380 περὶ
1398 325 1479 368 τὸν
1500 330 1602 381 βίον

183 397 350 449 σοφίαν
388 393 630 448 ἄνθρωπος
673 392 812 446 ταύτῃ
849 394 970 446 ἔσχε,
1016 391 1099 447 τήν
1145 392 1193 434 δὲ
1238 392 1472 448 πολιτικήν
1518 393 1599 436 οὐκ

183 459 320 516 εἶχεν·
362 456 418 515 ἦν
455 460 540 514 γὰρ
579 460 700 514 παρὰ
738 461 798 513 τῷ
828 461 926 501 Διί·
966 459 1026 514 τῷ
1063 460 1112 502 δὲ
1143 463 1384 514 Προμηθεῖ
1420 462 1482 510 εἰς
1521 462 1604 516 μὲν

184 526 268 582 τήν
306 527 552 581 ἀκρόπολιν
591 524 673 580 τήν
710 528 792 567 τοῦ
829 527 940 576 Διὸς
979 530 1153 581 οἴκησιν
1198 525 1347 569 οὐκέτι
1391 527 1602 583 ἐνεχώρει

183 596 425 637 εἰσελθεῖν·
467 592 577 648 πρὸς
608 593 656 635 δὲ
689 593 763 634 καὶ
794 594 844 634 αι’
869 591 978 643 Διὸς
1009 595 1208 648 φυλακαὶ
1240 595 1430 649 φοβεραὶ
1460 589 1598 650 ἦσαν·

184 663 245 712 εἰς
285 663 332 703 δὲ
369 660 418 703 τὸ
449 665 526 716 τῆς
558 660 748 715 Ἀθηνᾶς
778 660 852 702 καὶ
877 659 1124 713 Ἡφαίστου
1155 665 1316 716 οἴκημα
1347 661 1395 703 τὸ
1428 662 1598 715 κοινόν,
1624 663 1653 697 Ε

183 730 234 772 ἐν
265 723 301 784 ςιῖ
333 727 708 782 ἐφιλοτεχνείτην,
741 726 898 769 λαθών
930 729 1186 782 εἰσέρχεται,
1220 726 1294 769 καὶ
1325 730 1489 779 κλέψας
1519 729 1601 784 τήν

182 811 231 838 τε
266 798 469 849 ἔμπυρον
507 795 666 849 τέχνην
703 792 784 849 τὴν
823 797 903 836 τοῦ
943 793 1191 849 (Ηφαίστου
1230 797 1302 836 καὶ
1343 795 1423 850 τὴν
1461 795 1605 851 ἄλλην

184 861 266 917 τήν
295 865 372 915 τῆς
398 860 588 916 Ἀθηνᾶς
619 862 806 904 δίδωσιν
837 860 1081 917 ἀνθρώπῳ,
1113 863 1188 903 καὶ
1212 863 1261 904 ἐκ
1282 862 1446 904 τούτου
1469 862 1605 905 εὐπο-

184 931 257 983 ρία
287 929 369 983 μὲν
400 928 630 984 ἀνθρώπῳ
668 932 748 970 τοῦ
787 931 891 983 βίου
928 931 1150 983 γίγνεται,
1183 931 1430 984 Προμηθέα
1461 931 1509 973 δὲ
1542 929 1601 972 δι’

96 995 420 1050 ζει-Ἐπιμηθέα
451 994 660 1050 ὕστερον,
692 993 806 1051 ᾗπερ
829 996 1018 1049 λέγεται,
1051 998 1218 1050 κλοπῆς
1240 997 1339 1051 δίκη
1362 1000 1600 1052 μετῆλθεν.

296 1064 397 1118 Cap.
430 1062 530 1104 XII.
588 1061 760 1117 Ἐπειδὴ
809 1062 857 1104 δὲ
902 1061 923 1103 ὁ
967 1061 1207 1117 ἅνθρωπος
1250 1066 1377 1113 θείας
1421 1065 1600 1119 μετέσχε

1628 1002 1693 1034 322

183 1133 353 1184 μοίρας,
386 1132 565 1182 πρῶτον
595 1130 678 1183 μὲν
709 1128 783 1171 διὰ
814 1128 893 1184 τὴν
924 1132 1014 1171 τῶν
1044 1133 1168 1172 θεῶν
1190 1131 1455 1184 συγγένειαν
1477 1133 1603 1188 ζῳων
1640 1158 1646 1163 -
1679 1154 1701 1159 ..

299 1246 353 1276 14.
382 1238 457 1276 δια
485 1241 565 1285 τὴν
592 1242 678 1276 τῶν
704 1243 829 1277 θεῶν
854 1242 1154 1286 συγγένειανε
1179 1243 1217 1277 in
1236 1243 1338 1278 libris
1357 1246 1411 1279 est
1437 1242 1504 1280 διὰ
1530 1244 1601 1289 τὴν

183 1331 340 1366 inveniri
387 1330 613 1375 pervulgata
659 1332 715 1365 est
763 1342 808 1375 ap
812 1331 862 1365 ud

977 1335 1007 1365 7.
1050 1331 1115 1372 εἰς
1165 1332 1212 1367 δὲ
1260 1331 1307 1367 τὸ
1356 1335 1435 1377 τῆς
1478 1333 1606 1380 ’-Αθη

184 1377 383 1420 scriptores
400 1376 544 1410 veteres
561 1376 755 1412 sententia.
788 1376 861 1410 Ita-

932 1375 1012 1415 νᾶς
1037 1378 1093 1419 --]
1125 1376 1191 1411 His
1224 1378 1255 1411 si
1287 1378 1492 1414 addidisset
1517 1379 1606 1414 Pro-

185 1420 486 1474 queAeschyl.
502 1420 689 1454 Prometh.
708 1432 740 1455 v.
761 1424 797 1455 7:
820 1418 861 1454 τό

184 1463 250 1501 σὸν
288 1463 362 1522 γάρ
406 1462 548 1507 ἄνθος,
597 1464 862 1509 παντέχνου

185 1511 334 1565 πυρὸς
360 1509 484 1552 σέλας,
509 1513 688 1554 θνητοισι
715 1510 862 1553 κλέψας

186 1553 352 1591 ὤπασεν.
379 1554 472 1589 Ibid.
499 1567 534 1590 v.
559 1558 638 1590 109:
666 1557 859 1607 ναρθηκο-

186 1599 384 1654 πλήρωτον
427 1599 470 1635 δὲ
512 1601 695 1655 θηρῶμαι
742 1595 863 1652 πυρὸς

184 1643 334 1698 πηγὴν
341 1646 544 1687 κλοπαίαν,
577 1642 600 1689 ἢ
635 1642 862 1680 διδάσκα-

187 1692 262 1734 λρς
287 1688 463 1743 τέχνης.
500 1671 594 1725 Ib'id.
621 1701 652 1723 v.
679 1693 761 1724 253:
789 1686 863 1742 ἀφ

187 1735 231 1770 οὺ
264 1747 305 1778 ’γε
339 1733 488 1788 (πυρὸς)
522 1732 665 1774 πολλὰς
696 1731 865 1778 ἐκμαθή-

188 1792 319 1814 σονται
357 1777 504 1823 τέχνας.
550 1780 645 1815 conf.
683 1778 862 1813 Diodor.

187 1824 325 1859 Sicul.
351 1824 367 1857 I
392 1827 424 1860 8.
450 1824 579 1858 Scallb.

232 1873 264 1903 4.
289 1866 412 1913 παρὰ
445 1870 501 1911 τῷ
529 1868 623 1913 Διί]
651 1868 801 1902 Procius
825 1868 863 1902 in

187 1913 381 1948 Tnnaeum
397 1918 447 1958 (p
464 1918 504 1948 10
519 1913 606 1950 edit
624 1913 734 1955 Basst)
756 1911 777 1956 ἡ
797 1925 862 1947 πο-

189 1955 313 2009 λιτικὴ
339 1960 485 2014 πρῶτον
512 1956 552 1993 ἐν
571 1959 624 2012 τῷ
641 1959 862 2004 δημιουργῷ

187 2016 253 2038 του
278 2002 421 2043 παντός
440 2000 554 2046 ἐστιν,
575 2002 623 2042 ὡς
643 2002 684 2038 ἐν
703 2006 862 2047 Πρωτα-

188 2047 282 2094 γόρᾳ
308 2032 603 2104 μἐμαθήκῃαμεν.

233 2097 264 2127 5.
293 2090 450 2127 οὐκέτι
483 2091 703 2137 ἐνεχώρει
729 2092 789 2143 ——J
817 2092 861 2126 H.

188 2148 218 2173 e.
238 2147 305 2181 per
329 2138 556 2172 brevitatem
579 2138 764 2181 temporis
788 2147 862 2171 non

188 2182 262 2216 iam
289 2181 427 2216 licebat
444 2182 582 2216 intrare
600 2182 678 2217 sive
695 2182 774 2217 fieri
791 2193 863 2216 non

189 2226 347 2271 amplius
385 2228 552 2271 poterat,
600 2227 642 2261 ut
690 2227 861 2268 intraret3

189 2271 319 2307 aderat
350 2272 447 2306 9111111
480 2272 554 2306 iam
588 2269 610 2315 ἠ
650 2268 861 2324 εἵμαρμὲνη

189 2313 325 2361 ὴ’.μερα
343 2336 387 2341 —-
412 2313 521 2359 πρὸς
531 2315 574 2351 δὲ
601 2329 666 2350 και
694 2318 779 2360 φοβ.
805 2315 863 2359 ἠσ,

189 2363 387 2411 praeterea
420 2372 506 2396 vero
544 2361 654 2395 etiam
693 2361 864 2395 custodes

190 2406 243 2440 ibi
269 2408 375 2441 erant
398 2406 596 2445 terribiles,
624 2406 688 2440 int.
717 2409 752 2440 K
753 2419 863 2450 ρατος

191 2451 257 2485 καὶ
283 2453 366 2493 Βι’,α
392 2452 438 2485 cf.
456 2451 605 2486 Hesiod.
626 2420 772 2501 Theog.
787 2454 864 2492 385,

191 2496 362 2539 Aeschyl.
379 2496 502 2530 Prom.
522 2496 616 2535 init..
641 2495 704 2539 qui
719 2506 865 2530 omnem

191 2542 364 2575 conatum
390 2543 509 2576 artem
540 2540 688 2575 civilem
714 2551 757 2575 ex
784 2550 865 2574 arce

191 2585 384 2620 auferendi
408 2586 553 2620 irritum
579 2586 768 2627 fecissent;
795 2596 868 2620 non

191 2630 246 2664 illi
271 2630 422 2681 quidem
446 2630 568 2675 ipsum
592 2616 868 2671 Prometheum,

193 2675 287 2709 Iovis
300 2676 567 2719 ministrum(v‚
579 2676 690 2720 Gorg.
699 2688 731 2720 p.
744 2674 868 2717 5231)),

194 2720 250 2754 cui
295 2721 353 2755 vel
392 2720 612 2755 facultatum
654 2720 867 2755 distributio

194 2765 388 2800 commissa
417 2767 514 2809 erat,
547 2766 593 2800 ab
627 2777 709 2800 arce
743 2764 867 2810 prohi

196 2809 370 2854 buissent‚
398 2810 462 2845 sed
488 2821 533 2845 ne
559 2810 647 2854 quid
672 2811 757 2844 inde
783 2809 866 2844 sub-

196 2853 358 2896 duceret,
385 2855 531 2890 obstitis
534 2858 626 2892 sent.

263 2922 360 2946 PnoT,
387 2923 487 2945 PLA'r.

930 1422 1080 1465 tagoras
1105 1417 1228 1466 ω’σπερ
1267 1421 1382 1467 λέγω,
1425 1425 1605 1459 orationis

931 1477 1056 1500 cursus
1073 1466 1263 1509 aliquanto
1282 1471 1379 1503 esset
1392 1468 1605 1504 dilucidior:

931 1513 1124 1545 revocatur
1164 1511 1263 1546 enim
1304 1514 1422 1548 oratio
1464 1514 1511 1548 ad
1547 1525 1607 1548 su-

930 1555 1077 1611 periora
1109 1553 1128 1590 ὁ
1155 1557 1413 1601 Προμηθεύς.
1430 1557 1606 1595 ,κλέπτει

933 1597 1008 1635 κτὲ
1034 1601 1132 1635 unde
1159 1602 1276 1636 civilis
1301 1603 1391 1638 artis
1418 1603 1607 1639 mentione

932 1645 1070 1680 iniecta
1095 1646 1346 1682 aberraverat.
1395 1648 1513 1689 Quam
1542 1659 1606 1683 va-

932 1692 1085 1735 gantem
1125 1691 1326 1726 orationem
1366 1692 1607 1738 Protagorae,

932 1745 1044 1777 quem
1069 1735 1220 1777 quidem
1246 1737 1367 1771 subito
1393 1721 1528 1772 dixisse
1553 1739 1610 1772 te-

932 1779 1096 1813 nendum
1115 1781 1182 1822 est,
1204 1781 1301 1815 iusto
1319 1782 1482 1817 severius
1499 1782 1609 1817 multi

932 1824 1263 1868 reprehenderunt.

977 1894 1007 1925 8.
1056 1888 1137 1936 τὴν
1186 1891 1393 1937 ἔμπυρον
1440 1894 1610 1939 τέχνην

932 1935 1354 2030 ἷέἒρέᾱρὲἓέἣὲῗιῖῗ,
1373 1939 1517 2021 11ῗέἒῖ
1528 1950 1608 2020 ‘'551·

935 2025 1096 2060 Tiresias
1121 2030 1242 2060 artem
1267 2035 1371 2062 suam
1384 2030 1607 2080 auguralem

933 2071 1131 2114 significat:
1165 2067 1267 2112 ὅστις
1293 2070 1446 2118 ἐμπύρῳ
1474 2088 1609 2118 χρηται

933 2116 1064 2161 τέχνῃ,
1092 2113 1270 2159 μάταιος,
1304 2119 1429 2153 tamen
1455 2119 1488 2152 h.
1515 2119 1537 2153 l.
1565 2130 1610 2154 ex

933 2161 1158 2205 praegressis
1190 2145 1383 2197 audientes
1414 2163 1522 2198 facile
1556 2163 1609 2198 111-

932 2205 1103 2249 telligere
1128 2207 1318 2250 poterant,
1355 2219 1466 2251 quam
1492 2210 1611 2244 artem

934 2251 1160 2294 Protagoras
1192 2251 1351 2295 diceret,
1383 2253 1448 2287 sed
1479 2253 1540 2288 ille
1566 2255 1608 2287 ut
1674 2266 1676 2269 ·

935 2295 1051 2329 omnis
1077 2296 1281 2330 obscuritas
1298 2297 1503 2338 tolleretur,
1530 2309 1611 2334 ver-

935 2340 993 2374 bis
1018 2337 1089 2383 τὴν
1115 2341 1181 2375 τοῦ
1202 2338 1417 2392 'Hqioct'otov
1435 2364 1477 2368 ——-
1499 2342 1610 2394 Ἀθη-

935 2386 1004 2424 νᾶς
1035 2395 1112 2419 rem
1145 2386 1214 2420 sibi
1252 2389 1459 2422 accuratius
1497 2388 1610 2423 etiam

935 2429 1218 2464 desciibendam
1231 2432 1399 2475 putabat.
1438 2433 1509 2467 Per
1523 2443 1608 2467 ean-

936 2475 1019 2509 dem
1046 2475 1314 2511 abundantiam
1332 2477 1476 2511 addidit
1496 2478 1610 2511 etiam

937 2515 992 2553 δι’
1018 2518 1254 2564 Ἐπιμηθέα,
1287 2522 1389 2555 cuius
1419 2523 1612 2556 temeritas

936 2564 1066 2599 fuisset
1082 2565 1216 2599 ultima
1232 2549 1321 2599 furti
1336 2577 1455 2603 causa,
1484 2566 1612 2601 Verba

937 2605 993 2643 δι’
1020 2607 1238 2655 Ἐπιμηθέα
1271 2613 1485 2655 suspectata
1517 2613 1612 2653 sunt,

937 2654 1000 2688 sed
1037 2665 1102 2689 cur
1139 2656 1218 2698 quis
1250 2655 1414 2690 Platonis
1451 2638 1612 2690 orationi

936 2709 980 2733 ea.
1005 2700 1193 2745 ascripsiss
1179 2702 1258 2734 eet?

983 2769 1035 2801 14.
1056 2767 1133 2801 διὰ
1153 2766 1234 2812 τὴν
1255 2768 1341 2802 τῶν
1359 2770 1482 2804 θεῶν
1507 2781 1612 2812 συγ·

936 2809 1140 2857 γένειαν]
1164 2813 1215 2847 De
1235 2813 1420 2848 sententia
1440 2825 1471 2847 v.
1495 2814 1608 2849 Cicer.

937 2855 981 2889 de
1013 2856 1082 2900 leg.
1110 2857 1124 2890 Ι
1150 2862 1181 2901 8,
1201 2862 1252 2895 25,
1286 2860 1352 2894 τοῦ
1384 2858 1482 2893 θεοῦ
1515 2857 1609 2891 nihil

1322 2917 1341 2947 6
