1907 3230
127 887 158 910 10

603 158 941 194 PROTAGORAS.
969 159 1008 196 P.
1033 163 1097 195 342
1124 160 1193 198 ST.
1528 161 1606 203 139

183 260 263 302 τὸν
300 259 411 301 θεόν
451 271 560 314 φησι
590 260 732 314 μόνον
761 260 891 302 τοῦτο
923 256 981 301 ἄν
1011 261 1128 313 ἔχειν
1159 260 1233 301 καὶ
1263 260 1323 315 τῷ
1351 262 1444 316 θεῷ
1474 264 1605 303 τοῦτο

182 327 313 380 γέρας
343 325 552 380 ἀπένειμε
582 326 723 381 μόνῳῖ
755 324 1008 368 ἀκόλαστον
1038 325 1121 380 γὰρ
1152 325 1210 368 ἄν
1240 342 1340 368 τινα
1370 327 1491 381 λέγοι
1523 332 1605 369 Σι-

182 394 384 447 μωνίδην
405 393 632 447 Πρόδικος
653 390 727 433 καὶ
758 391 965 446 οὐδαμῶς
993 396 1146 435 Κεῖον.
1194 392 1294 435 ἀλλ’
1327 392 1356 435 ἅ
1385 409 1459 448 μοι
1481 395 1610 436 δοκεῖ

183 461 466 502 διανοεῖσθαι
499 459 755 514 Σιμωνίδης
794 458 844 501 ἐν
880 458 1022 517 τούτῳ
1061 464 1121 515 τῷ
1161 459 1325 517 ᾅσματι
1357 460 1501 503 ἐθέλω
1533 472 1604 502 σοι
1629 472 1693 504 342

189 529 354 581 εἰπεῖν,
394 529 435 570 εί
467 526 622 580 βούλει
661 528 817 579 λαβεῖν
854 543 942 581 μου
979 535 1142 583 πεῖραν
1183 526 1302 576 ὅπως
1339 529 1445 582 ἔχω,
1484 527 1510 569 ὃ
1547 526 1602 569 σύ

182 595 323 648 λέγεις
352 597 498 647 τοῦτο,
530 593 632 647 περὶ
664 593 803 634 ἐπῶν·
844 589 923 635 ἐὰν
954 594 1003 636 δὲ
1032 594 1193 650 βούλῃ,
1226 598 1311 637 σοῦ
1342 593 1602 650 ἀκούσομαι.

175 660 221 703 Ὁ
256 662 339 715 μὲν
377 655 463 702 οὖν
499 660 804 713 Πρωταγόρας
841 658 1038 710 ἀκούσας
1074 677 1161 715 μου
1199 662 1338 703 ταῦτα
1378 664 1601 716 λέγοντος,

181 729 240 770 Εἰ
268 727 325 770 σύ
354 727 525 781 βούλει,
566 728 672 780 ἔφη,
705 719 739 768 c5
772 727 1029 780 Σώκρατες·
1063 727 1085 769 ὁ
1117 728 1166 770 δὲ
1197 727 1422 782 Πρόδικός
1451 745 1498 770 τε
1528 731 1603 771 καὶ

182 794 205 837 ὁ
229 793 396 844 Ἱππίας
429 793 692 848 ἐκελευέτην
723 793 860 846 πάνυ,
893 794 968 835 καὶ
999 795 1045 836 οἱ
1073 794 1217 837 ἄλλοι.

297 863 401 917 Cap.
433 860 635 903 XXVIII.
683 859 790 915 Ἐγώ
830 863 1010 915 τοίνυν,
1049 854 1107 916 ἦν
1146 860 1187 903 δ’
1230 862 1334 916 ἐγώ,
1373 861 1401 904 ἅ
1440 864 1492 917 γε’
1528 879 1604 918 μοι

178 929 305 971 δοκεῖ
332 928 434 982 περὶ
465 930 546 970 τοῦ
575 926 771 984 ᾄσματος
800 927 976 981 τούτου,
1010 929 1280 984 πειράσομαι
1301 928 1410 983 ὑμῖν
1433 929 1603 980 διεξελ-

176 1000 292 1038 θεῖν.
356 997 609 1050 Φιλοσοφία
651 995 737 1048 γάρ
777 994 871 1036 ἐστι
909 995 1181 1050 παλαιοτάτη
1224 1012 1271 1037 τε
1311 997 1385 1038 καὶ
1416 999 1601 1053 πλείστη
1668 1015 1715 1025 >¹
1751 1016 1753 1020 ¹

279 1124 308 1154 2.
344 1120 603 1164 σιμωνίδην
629 1118 677 1153 T:
711 1118 920 1162 σιμωνίδης
946 1117 986 1151 Β.
1070 1123 1101 1154 3.
1128 1118 1358 1160 πρόδικος
1384 1120 1430 1154 B:
1463 1119 1482 1154 ὁ
1508 1119 1600 1165 πρό-

178 1167 286 1205 δικος
312 1164 353 1201 Τ,
442 1168 492 1198 10.
530 1161 555 1197 ἅ
593 1161 641 1207 γε’
679 1175 755 1206 μοι
795 1164 933 1197 δοκεῖ
968 1163 1129 1198 mutavit
1158 1164 1307 1199 Bekker
1338 1165 1464 1199 invitis
1497 1165 1602 1200 libris

176 1211 214 1244 in
245 1206 271 1243 ὅὶ
311 1207 348 1253 γ’
381 1206 463 1251 ἐμοὶ
496 1211 609 1243 δοκεῖ
636 1218 795 1251 eumque
833 1208 983 1241 secutus
1020 1210 1077 1242 est
1114 1208 1267 1246 Schanz,
1300 1209 1423 1251 'Quod
1460 1210 1601 1245 nollem

176 1255 328 1289 factum.
366 1253 416 1288 Ut
434 1253 543 1288 modo
562 1253 706 1287 dixerat
724 1251 756 1287 οἵ
796 1265 830 1286 οι
850 1254 970 1296 δοκεῖ,
989 1251 1043 1287 ita
1061 1256 1227 1288 extremo
1246 1265 1326 1298 cap.
1346 1255 1452 1289 addit
1469 1249 1518 1295 ὥς
1537 1269 1602 1300 μοι

178 1299 375 1343 φαίνεται,
393 1298 505 1340 idque
523 1298 667 1332 Socrati
685 1266 862 1340 nihiihpro
882 1299 982 1331 certo
1002 1298 1212 1333 affirmandi
1231 1301 1371 1343 aptum.
1396 1299 1528 1343 Neque
1542 1301 1601 1335 hio

175 1354 381 1388 pronomen
407 1342 566 1377 τόνωσιν
592 1342 718 1380 habet,
744 1341 999 1385 fallunturque
1019 1342 1083 1384 qui
1101 1343 1239 1386 ubique
1266 1342 1350 1388 ἐμοὶ
1377 1346 1492 1380 δοκεῖ
1511 1347 1600 1380 scri—

175 1388 339 1423 bendum
365 1387 606 1424 arbitrantur.
645 1398 676 1421 v.
707 1386 915 1422 Stallbaum
942 1387 989 1420 ad
1015 1387 1113 1430 apol.
1140 1387 1239 1426 Socr‚
1264 1400 1300 1433 p.
1330 1394 1370 1424 19
1389 1389 1428 1424 E.
1461 1390 1599 1426 Criton.

174 1445 211 1478 p.
238 1438 281 1468 45
307 1432 350 1469 D.
388 1432 526 1476 Cratyl.
550 1443 586 1477 p,
611 1436 676 1466 417
702 1432 733 1466 D
766 1430 894 1474 ibique
921 1431 1072 1466 Schanz.

175 1546 326 1580 subesse
352 1545 510 1589 oportet.
554 1543 670 1587 Atqui
694 1544 784 1578 mali
801 1543 854 1578 Si—

174 1590 355 1634 monides,
382 1591 425 1624 ut
451 1588 556 1632 Ceus,
583 1589 652 1624 deo
679 1589 772 1625 nihil
789 1589 853 1623 tri-

174 1635 287 1670 buere
323 1635 467 1680 potuit,
510 1645 598 1678 ergo
641 1634 677 1668 in
718 1634 854 1668 Pittaci

173 1680 275 1714 dicto
325 1680 494 1724 χαλεπόν
547 1689 620 1713 non
668 1679 856 1714 intellexit

174 1724 327 1759 malum.
366 1723 484 1769 λέγων
502 1724 540 1757 in
565 1723 688 1758 verbis
715 1722 758 1758 ου’
786 1722 853 1767 δή-

173 1783 250 1805 που
274 1769 389 1804 τοῦτό
413 1782 455 1813 γε
483 1768 602 1813 λέγων
620 1770 676 1802 est
702 1768 854 1803 ‘intelli-

174 1819 284 1858 gens’
328 1814 388 1848 vel
431 1814 703 1857 ‘interpretans
716 1819 737 1855 ⁷,
778 1824 852 1847 non

175 1859 348 1900 ‘dicens’;
392 1859 560 1893 Pittacus
597 1858 694 1892 enim
731 1856 851 1893 κακὸν

174 1901 316 1939 ἐσθλὸν
350 1902 509 1948 ἔμμεναι
543 1903 678 1937 dixisse
704 1903 851 1938 dicitur.

220 1953 249 1983 2.
268 1945 536 1982 ἀκόλαστον
554 1944 638 1992 γὰρ
664 1944 720 1982 ἄν
745 1961 852 1982 τινα

174 2014 215 2018 -
243 1991 458 2037 οὐδαμῶς
491 1992 649 2038 Κεῖον]
694 1992 851 2028 Ceorum

173 2038 364 2073 civitatem
395 2037 535 2072 claram
562 2037 674 2072 fuisse
700 2038 747 2072 ob
773 2048 851 2072 mo-

173 2094 255 2116 rum
309 2082 577 2126 probitatem,·
610 2083 851 2117 severitatem

172 2127 444 2169 institutorum,
476 2126 705 2171 reipublicae
736 2128 851 2162 admi-

173 2171 433 2206 nistrationem
495 2171 622 2206 docuit
670 2172 698 2206 B
709 2183 729 2206 o
740 2183 758 2206 e
769 2184 787 2207 o
795 2172 818 2207 k
827 2173 851 2206 h

172 2217 211 2251 in
243 2216 331 2253 Min.
365 2218 404 2251 et
434 2217 531 2261 legg.
566 2228 601 2295 ἓ.
632 2220 706 2252 109.
747 2217 850 2252 Conf.

173 2261 558 2306 Plat.deleg.p.683
600 2262 850 2307 ‚Aristoph

172 2317 252 2343 ran.
277 2318 313 2341 v.
333 2310 408 2341 970.
435 2306 584 2351 Fragm.
610 2306 850 2342 Menandri

172 2363 209 2396 p.
228 2355 293 2386 237
311 2351 368 2385 ed.
396 2351 567 2386 Meineke
594 2352 632 2386 et
648 2351 851 2387 Broend-

173 2397 274 2431 sted
322 2396 484 2431 Reisen
541 2408 576 2432 u.
628 2395 850 2432 Untersu-

174 2441 383 2485 chungen
425 2441 469 2475 in
507 2440 851 2478 Grieehenland

172 2498 209 2531 p.
233 2490 288 2524 66,
316 2486 396 2523 coll.
420 2497 455 2531 p.
475 2491 529 2522 97.
579 2487 710 2529 Itaque
737 2491 850 2529 Κεῖος

171 2532 495 2611 ἴςεοῖῗῖὂορροηίήηι·
518 2543 615 2566 nnnc
640 2530 848 2579 ἀκολάστῳ.

201 2580 239 2611 ta
295 2605 301 2611 .

219 2625 250 2656 5.
276 2617 393 2661 ὅπως
425 2620 524 2666 ἔχω,
559 2616 577 2656 ὃ
610 2621 661 2658 σὺ
698 2621 851 2667 λέγεις

173 2667 331 2707 τοῦτο,
349 2667 457 2708 περὶ
475 2665 605 2710 ἐπῶν]
624 2668 850 2711 quomodo

172 2721 239 2745 me
271 2711 462 2745 habeam
488 2713 574 2756 περὶ
600 2710 700 2748 ἐπῶν
725 2717 773 2748 ut
804 2717 851 2748 tu

173 2754 300 2790 istud
336 2757 554 2801 appellas,
602 2758 769 2801 Respicit
804 2758 851 2792 ad

173 2799 289 2834 verba
301 2801 529 2847 Protagorae
542 2814 577 2847 p.
591 2803 712 2838 338E:
737 2803 849 2850 ἡγοῦ-

174 2857 243 2887 μαι
269 2866 309 2870 —
336 2843 406 2889 ἐγώ
440 2843 553 2890 ἀνδρὶ
578 2850 762 2889 παιδείας
788 2848 849 2893 μὲ-

924 1555 1054 1596 γιστον
1079 1545 1191 1588 μέρος
1218 1544 1320 1581 εἶναι
1344 1547 1449 1590 περὶ
1484 1544 1600 1582 ἐπῶν

925 1590 1059 1624 δεινον
1087 1588 1201 1625 εἶναι.
1229 1590 1356 1626 Stallb.

968 1636 1000 1667 8.
1032 1633 1091 1686 Ἐἰ
1123 1633 1174 1670 σύ
1208 1636 1385 1681 βούλει]
1419 1636 1484 1671 int.
1518 1636 1599 1672 εἰπέ

923 1690 987 1720 μοι
1025 1677 1050 1713 οἱ
1094 1691 1153 1713 σοι
1200 1682 1310 1715 δοκεῖ
1348 1683 1599 1716 διανοεῖσθαι

924 1724 1158 1768 Σιμωνίδης.

971 1772 1024 1804 12.
1065 1771 1336 1813 Φιλοσοφία
1377 1769 1460 1814 γάρ
1503 1768 1599 1806 ἐστι

922 1813 1218 1858 παλαιοτάτη
1245 1815 1303 1859 —]
1349 1815 1601 1851 Contenderat

921 1856 1149 1901 Protagoras
1174 1871 1209 1904 p.
1235 1863 1299 1894 316
1315 1859 1345 1893 D
1372 1860 1600 1904 sophisticen

921 1902 996 1936 iam
1021 1904 1067 1937 ab
1092 1903 1265 1947 Homero,
1293 1905 1492 1948 Simonide,
1519 1906 1599 1941 aliis

922 1949 1093 1982 veterum
1137 1959 1214 1984 esse
1252 1950 1485 1992 factitatam,
1534 1951 1599 1986 sed

922 2002 983 2026 eos
1016 2003 1161 2033 omnesx,
1194 1994 1237 2027 nt
1268 1994 1476 2039 effugerent
1506 1995 1599 2030 mul-

920 2037 1093 2072 titudinis
1122 2038 1322 2081 invidiam‚
1354 2041 1447 2074 hanc
1479 2042 1600 2075 artem

921 2092 1025 2116 suam
1066 2083 1201 2118 callide
1248 2084 1331 2119 aliis
1378 2085 1599 2128 nominibus,

921 2137 1018 2170 quae
1044 2129 1162 2171 magis
1187 2129 1406 2164 viderentur
1429 2129 1598 2173 honesta,

920 2174 1140 2215 praetexere
1166 2173 1295 2208 solitos
1327 2185 1418 2209 esse.
1466 2175 1598 2218 Itaque

920 2217 1107 2261 Socrates,
1142 2221 1184 2252 ut
1215 2220 1270 2253 est
1294 2218 1449 2254 callidus
1476 2221 1597 2263 εἴρων,

920 2262 1083 2304 probata
1107 2262 1173 2298 illa
1189 2264 1378 2307 sophistae
1397 2265 1596 2307 sententia,

919 2306 1018 2340 idem
1056 2306 1101 2342 de
1139 2307 1374 2344 Cretensibus
1415 2312 1452 2344 et
1486 2310 1598 2345 Lace-

922 2350 1126 2387 daemoniis
1149 2353 1302 2398 iudicat,
1330 2365 1421 2397 quos
1446 2355 1500 2389 ait
1517 2357 1596 2390 arte

920 2396 1142 2440 sophistica,
1182 2399 1258 2433 iam
1301 2400 1507 2442 antiquitus
1548 2400 1595 2435 ab

920 2440 965 2474 iis
981 2443 1156 2486 tractata,
1184 2444 1316 2479 ceteris
1335 2443 1484 2478 Graecis
1502 2446 1596 2479 mul-

920 2488 1001 2520 tum
1024 2489 1229 2531 praestare,
1257 2489 1322 2523 sed
1346 2489 1447 2523 illam
1467 2489 1596 2524 soller—

919 2530 1011 2565 tiam
1029 2543 1132 2567 suam
1150 2533 1278 2567 sedulo
1297 2533 1493 2569 occultare.
1530 2534 1597 2570 Est

920 2578 1046 2611 autem
1086 2578 1178 2613 haee
1217 2579 1339 2613 irrisio
1375 2580 1481 2614 tanto
1519 2580 1596 2614 ele—

920 2623 1078 2664 gantior,
1095 2623 1194 2666 quod
1208 2623 1522 2659 Lacedaemonios
1539 2625 1596 2659 in—

919 2666 1047 2716 primis
1072 2678 1094 2702 a
1118 2668 1327 2703 litterarum
1352 2669 1483 2704 studiis
1508 2669 1596 2705 alie-

920 2711 1087 2747 mssimos
1133 2713 1244 2748 fuisse
1285 2715 1441 2749 constat.
1484 2715 1595 2750 Prae-

919 2756 1024 2791 terea
1063 2759 1178 2794 etiam
1219 2759 1493 2794 observandum
1541 2761 1597 2794 est

919 2801 1015 2836 salsa
1031 2813 1113 2837 cum
1131 2804 1253 2837 ironia
1270 2806 1418 2839 acutam
1441 2805 1596 2839 brevilo-

920 2847 1111 2888 quentiam
1141 2848 1256 2883 tribui
1287 2850 1475 2884 veteribus
1508 2849 1593 2893 illis,
