1939 3214
335 139 390 180 58
927 131 1161 167 PLATONIS

279 239 311 274 D
338 237 589 293 κατήκουεν
608 235 749 292 ἡμῶν,
782 233 1039 277 κινδυνεύει
1071 235 1118 275 δὲ
1151 232 1224 276 δια
1245 232 1296 275 τὸ
1317 236 1490 287 πλῆθος
1509 236 1599 275 τῶν
1621 245 1755 288 σοφι-

337 309 455 349 στῶν
487 304 711 359 ἄχθεσθαι
733 310 824 352 τοῖς
845 305 1063 356 φοιτῶσιν
1085 303 1146 350 εἰς
1165 299 1247 355 τήν
1269 301 1430 342 οἰκίαν.
1465 301 1617 359 ἐπειδὴ
1638 304 1754 355 γοῦν

338 374 619 427 ἐκρούσαμεν
647 371 729 426 τὴν
751 370 918 424 θύραν,
951 368 1130 420 ἀνοίξας
1150 370 1223 410 καὶ
1246 368 1355 410 ἰδών
1376 362 1504 422 ἡμᾶς,
1522 367 1617 421 ’Έα,
1649 370 1750 423 ἔφη,

336 443 548 496 σοφισταί
581 453 718 488 τινες·
761 436 815 480 οὐ
857 436 992 491 σχολή
1034 435 1167 492 αὐτῷ.
1229 436 1313 477 Καὶ
1344 434 1430 490 ἅμα
1461 434 1628 489 ἀμφοῖν
1658 443 1756 478 τοῖν

334 517 485 564 χεροῖν
514 508 596 564 τὴν
624 507 775 561 θύραν
806 507 928 547 πάνυ
949 505 1196 558 προθύμως
1217 502 1276 554 ὥς
1296 498 1388 553 οἶός
1408 502 1446 544 τ’
1467 497 1526 558 ἦν
1549 503 1752 557 ἐπήραξε.

336 576 411 618 καὶ
425 574 552 631 ἡμεῖς
567 575 702 617 πάλιν
721 572 984 628 ἐκρούομεν,
1015 571 1089 613 καὶ
1106 570 1154 620 ὃς
1171 571 1495 627 ἐγκεκλημένης
1517 572 1593 625 τῆς
1611 571 1758 626 θύρας

336 643 691 698 ἀποκρινόμενος
723 638 859 693 εἶπεν,
894 632 946 681 Ὦ
979 638 1230 694 ἄνθρωποι,
1263 641 1371 694 ἔφη,
1404 636 1487 680 οὐκ
1519 637 1755 693 ἀκηκόατε,

337 710 404 754 ὅτι
433 709 486 753 οὐ
517 708 652 765 σχολὴ
684 707 823 764 αὐτῷ;
860 705 976 749 Ἀλλ’
1011 705 1180 760 ὠγαθέ,
1214 709 1328 761 ἔφην
1367 706 1469 761 ἐγώ,
1503 704 1607 748 οὔτε
1638 704 1759 759 παρὰ

265 779 295 814 Ε
336 781 536 822 Καλλίαν
558 778 725 834 ἥκομεν
748 775 850 818 οὔτε
871 777 1087 829 σοφισταί
1107 776 1255 828 ἐσμεν,
1279 771 1392 816 ἀλλὰ
1411 775 1594 828 θάρρει·
1620 777 1758 828 Πρω-

449 896 480 930 4.
517 896 620 926 τοῖν
658 894 817 945 χερρῐν
844 889 891 923 B:
933 893 1020 924 ταῖν
1057 893 1184 933 χεροῖν
1211 888 1252 922 Τ.

1338 892 1369 925 6.
1405 885 1758 932 ἐγκεκλημένης

336 937 503 973 Bekker:
530 935 823 982 ἐγκεκλειμενης
848 935 888 978 Β,
915 931 1227 978 ἐγκεκλεισμένης
1253 933 1293 968 Τ.

336 1039 530 1075 diverat.
555 1058 599 1063 —
624 1038 665 1071 In
690 1035 818 1080 paucis
842 1037 922 1069 tum
948 1035 1012 1069 do-

335 1085 456 1118 mibus
487 1084 666 1118 ianitores
696 1082 807 1116 fuisse
839 1080 925 1115 inde
951 1091 1013 1125 ap-

335 1130 456 1174 paret,
483 1129 583 1173 quod
607 1139 654 1162 ne
680 1126 829 1171 Agatho
863 1125 1015 1168 quidem

336 1186 482 1209 servum
499 1175 545 1208 ab
560 1176 673 1208 ianua
684 1171 830 1212 habuit,
846 1182 878 1205 V.
888 1170 1014 1215 Symp.

336 1232 372 1264 p.
397 1224 463 1254 212
490 1220 534 1261 C3
567 1218 631 1253 sed
663 1217 702 1251 in
735 1216 873 1251 Calliae
904 1217 1014 1250 domo

337 1263 619 1309 opulentissima
655 1264 923 1304 Persarumque
959 1261 1014 1295 lu-

335 1323 424 1344 xum
449 1309 623 1344 imitante
648 1308 708 1342 vel
735 1307 925 1341 eunuchus
944 1306 1016 1340 fuit

338 1355 524 1391 ostiarius
550 1375 593 1379 —
618 1349 851 1397 κατήκουσεε
883 1351 1016 1385 clausis

337 1401 478 1435 foribus
495 1400 660 1434 nostram
679 1397 923 1432 exaudiverat
945 1396 1016 1430 dis-

337 1446 571 1490 putationem
580 1444 743 1486 indeque
752 1453 818 1478 nos
833 1441 1016 1485 sophistas

338 1502 418 1526 esse
444 1490 651 1534 suspicatus
676 1489 768 1523 erat.

384 1541 414 1570 2.
441 1541 539 1575 τοῖς
572 1532 816 1579 φοιτῶσιν]
852 1531 922 1566 etsi
947 1532 1017 1565 hoo

339 1583 395 1615 est
426 1581 580 1615 verbum
613 1579 805 1624 proprium
839 1577 884 1611 de
911 1577 1017 1610 disei-

337 1626 434 1671 pulis
466 1624 636 1670 magistri
667 1625 818 1658 domum
846 1623 1018 1664 frequen-

337 1671 526 1713 tantibus,
560 1671 687 1704 tamen
712 1668 772 1703 hie
798 1667 946 1702 omnino
973 1667 1017 1701 de

337 1717 394 1759 iis,
420 1716 483 1759 qui
509 1715 557 1749 ad
582 1714 737 1750 Cassiam
762 1714 926 1753 itabant,
961 1722 1019 1745 ae-

339 1761 552 1806 cipiendum
579 1762 644 1794 est.
669 1771 703 1794 v.
724 1759 821 1793 Plut.
840 1757 1018 1791 Themist.

340 1818 370 1844 ο.
387 1812 418 1850 5,
440 1807 503 1840 ubi
520 1805 788 1840 Themistocles
804 1803 1019 1850 adolescens

339 1852 475 1887 dieitur
500 1849 682 1886 Ἐπικλέα
708 1846 774 1884 τὸν
801 1846 839 1891 ἐξ
875 1844 1016 1891 Ἐρμιό-

341 1911 420 1942 νης,
447 1894 681 1939 κιθαριστὴν
701 1892 1018 1938 σπουδαζόμενον

339 1940 415 1977 ὑπὸ
449 1941 523 1976 τῶν
551 1939 785 1984 Ἀθηναίων,
819 1936 1021 1980 ἐκλιπαρῆ-

339 2000 404 2022 σαι
431 1988 597 2031 μελετᾶν
614 1984 705 2029 παρ’
727 1983 846 2029 αὐτῷ,
874 1986 1020 2028 φιλοτι-

340 2028 532 2077 μούμενος
574 2027 738 2070 πολλοὺς
780 2028 851 2073 τὴν
891 2027 1020 2063 οἰκίαν

343 2080 471 2122 ζητεῖν
498 2076 564 2110 καὶ
590 2077 732 2120 φοιτᾶν
761 2070 851 2117 παρ’
888 2068 1019 2108 αὐτόν.

386 2126 416 2156 3.
445 2118 749 2165 ἐκρούσαμεν]
770 2118 958 2153 Plutarch.
976 2117 1021 2152 de

340 2168 474 2204 curios.
498 2167 572 2201 vol.
597 2165 696 2200 Vm.
720 2177 757 2209 p.
783 2169 825 2199 53
849 2164 910 2198 R:
935 2166 1022 2203 καί·

340 2226 399 2247 τοι
430 2210 480 2256 μὴ
513 2209 695 2254 κόψαντά
729 2223 771 2255 γε
804 2205 934 2252 θύραν
968 2207 1022 2248 εἰς

343 2257 471 2292 οἰκίαν
503 2252 709 2299 ἀλλοτρίαν
743 2251 787 2290 οὗ
828 2256 1021 2299 νομίζεται

339 2304 568 2346 παρελθεῖν,
587 2298 684 2336 ἀλλὰ
709 2300 792 2336 νῦν
817 2299 900 2343 μὲν
928 2298 1018 2334 εἰσὶ

341 2349 571 2392 θυρωροί,
621 2345 740 2380 πάλαι
789 2345 832 2380 δὲ
875 2342 1020 2388 ῥόπτρα

341 2392 558 2437 κρουόμενα
605 2390 700 2434 πρὸς
746 2395 832 2431 ταῖς
879 2387 1022 2432 θύραις

344 2441 530 2481 αἴσθησιν
555 2442 714 2481 παρεῖχε
740 2432 818 2471 urg.

390 2488 421 2521 3,
450 2483 544 2525 Ἔα,
579 2481 683 2527 ἔφη,
717 2479 838 2524 σοφ.]
862 2476 932 2513 Ἔα
963 2480 1022 2513 hie

342 2528 571 2573 indignantis
596 2532 652 2562 est
665 2526 809 2566 vocula,
836 2525 925 2558 alibi
945 2536 1023 2559 rem

342 2574 642 2618 inexspectatam
660 2571 840 2606 mirantis,
856 2569 1022 2604 v.Valck.

344 2619 428 2653 Eur.
443 2618 590 2663 Hippol.
605 2629 639 2655 V.
655 2612 837 2653 905-αὐ
849 2616 907 2661 τῷ
934 2615 1024 2660 ipsi

343 2664 369 2699 i.
401 2674 431 2697 e.
469 2663 667 2706 domino,
717 2673 785 2696 usu
821 2660 1022 2703 frequenti,

343 2708 472 2743 Stalzb.

389 2757 421 2787 4.
447 2749 498 2787 οὐ
525 2749 663 2797 σχολὴ
692 2746 830 2797 αὐτῷ]
855 2750 934 2784 Ηοο
959 2760 1021 2784 no-

345 2799 445 2833 mine
484 2798 631 2832 veteres
672 2807 734 2831 eos
776 2795 1022 2837 excluserunt,

346 2853 438 2887 quos
469 2844 534 2877 aut
564 2843 712 2877 omnino
746 2851 820 2875 non
845 2840 1021 2875 admitte-

1082 1036 1174 1069 bant
1199 1036 1264 1068 aut
1289 1045 1331 1068 eo
1356 1035 1435 1079 ipso
1466 1034 1654 1078 tempore,
1688 1043 1760 1076 quo

1084 1080 1273 1120 adierant,
1300 1078 1426 1113 videre
1452 1078 1640 1112 nolebant.
1689 1079 1761 1112 lta-

1085 1136 1156 1168 que
1183 1124 1285 1169 apud
1302 1124 1517 1159 Ciceronem
1543 1123 1603 1163 (de
1621 1124 1756 1160 seneot.

1085 1172 1185 1213 ο,10)
1205 1171 1296 1204 Cato
1320 1169 1382 1204 ille
1408 1180 1534 1204 senex:
1560 1178 1681 1211 nemo,
1707 1168 1761 1202 in-

1085 1215 1175 1259 quit,
1202 1215 1322 1249 adhue
1341 1215 1536 1249 convenire
1553 1224 1612 1248 me
1630 1213 1760 1255 voluit,

1086 1261 1144 1295 eui
1157 1260 1291 1294 fuerim
1305 1261 1518 1303 occupatus.
1530 1271 1563 1296 v.
1573 1258 1761 1302 Aristoph.

1087 1306 1244 1340 Acharn.
1255 1310 1332 1340 403.
1359 1304 1590 1339 Plutarchus.
1599 1303 1719 1338 Nido.
1730 1307 1761 1337 5.

1086 1351 1171 1385 Non
1196 1352 1234 1384 in
1259 1350 1428 1384 omnibus
1454 1350 1553 1384 vitae
1580 1348 1762 1383 condicio-

1086 1396 1195 1430 nibus
1219 1396 1251 1429 is
1276 1406 1355 1429 mos
1381 1396 1548 1429 servatus
1574 1395 1639 1428 est.
1666 1395 1763 1437 Aga-

1087 1442 1152 1475 tho
1168 1440 1319 1483 quidem
1333 1441 1371 1473 in
1385 1440 1510 1484 Symp.
1526 1443 1590 1473 212
1601 1439 1630 1472 D
1645 1439 1764 1473 muita

1087 1488 1196 1520 noete
1238 1485 1576 1520 commissatoribus
1612 1483 1763 1518 domum

1086 1531 1321 1590 pulsantibus
1350 1531 1405 1565 ita
1435 1530 1549 1564 servis
1581 1529 1762 1574 imperat:

1089 1575 1156 1613 εαν
1189 1575 1257 1619 μέν
1290 1590 1346 1616 τις
1371 1574 1446 1610 τῶν
1472 1567 1762 1625 ἐπιτηδείωνηῇ,

1087 1624 1256 1658 καλεῖτε·
1292 1621 1325 1655 εἰ
1357 1621 1397 1656 δὲ
1430 1619 1499 1664 μή,
1534 1621 1678 1665 λέγετε,
1705 1632 1765 1666 οτι

1090 1664 1134 1702 οὗ
1161 1668 1335 1710 πίνομεν,
1355 1663 1449 1701 ἀλλὰ
1475 1661 1764 1709 ἆναπαυόμεθα

1088 1709 1176 1757 ἤδη.
1227 1710 1300 1745 Sed
1337 1712 1383 1746 ab
1422 1711 1485 1745 illo
1516 1721 1619 1745 more
1654 1709 1764 1754 plane

1089 1757 1251 1792 alienum
1277 1758 1343 1799 est,
1370 1755 1469 1799 quod
1486 1754 1670 1790 Martialis
1695 1754 1766 1788 sibi

1090 1802 1266 1838 accidisse
1299 1801 1467 1846 queritur
1491 1800 1617 1845 Epigr.
1645 1800 1679 1833 V
1704 1803 1766 1833 ⁵22:

1088 1847 1186 1882 Illud
1200 1846 1320 1882 adhuc
1334 1847 1498 1892 gravius,
1517 1845 1618 1889 quod
1631 1846 1668 1879 te
1681 1845 1766 1890 post

1229 1892 1331 1927 mille
1357 1892 1515 1933 labores,

1090 1938 1220 1981 Paule,
1251 1938 1366 1981 negat
1395 1937 1493 1970 lasso
1525 1935 1661 1970 ianitor
1687 1945 1765 1969 esse

1227 1982 1337 2018 domi,

1141 2026 1323 2073 οἷμφοίν
1370 2031 1469 2061 τοῖν
1518 2029 1675 2071 χεροῖν
1723 2045 1766 2049 -

1091 2070 1312 2118 ἐπήραξε]
1341 2072 1511 2106 Socrates
1536 2082 1615 2105 rem
1639 2069 1766 2105 videre

1092 2120 1254 2164 poterat,
1280 2118 1378 2161 quod
1403 2117 1516 2151 ianua
1540 2115 1767 2150 Graecorum

1092 2175 1195 2198 more
1229 2165 1443 2207 aperturam
1473 2163 1511 2196 in
1545 2161 1767 2196 exteriorem

1093 2209 1241 2244 aedium
1267 2208 1411 2253 partem
1438 2206 1612 2241 habebat.

1137 2259 1168 2289 9.
1197 2252 1509 2297 Πρωταγόραν
1533 2249 1618 2295 γάρ
1650 2252 1763 2287 τοιδ.

1092 2299 1150 2336 ι’ὃ.
1175 2298 1407 2344 ἤλθομεν]
1437 2297 1535 2333 Ordo
1566 2296 1768 2330 verborum

1091 2346 1151 2379 hie
1169 2346 1240 2379 est:
1260 2339 1433 2388 ἤλθομεν
1457 2341 1527 2387 γάρ
1551 2354 1609 2376 τοι
1634 2338 1768 2386 δεόμε-

1091 2403 1151 2449 νρι
1178 2390 1283 2444 ἰδεῖνΙ
1307 2383 1576 2437 Πρωταγόραν.
1601 2385 1768 2421 Verbum

1091 2447 1255 2514 52:15&ss&
1264 2437 1387 2528 {2123
1392 2446 1417 2512 ἔ
1426 2443 1633 2519 fflffl',
1642 2433 1707 2520 5³1}
1714 2431 1768 2510 ἐξ

1094 2525 1263 2565 advenit,
1301 2535 1365 2567 qui
1402 2534 1486 2557 eum
1523 2523 1641 2557 visere
1669 2520 1769 2556 velit.

1093 2569 1309 2614 Respondet
1344 2570 1469 2603 nostro
1510 2566 1767 2603 anmelden.

1094 2615 1223 2650 Stallb.
1244 2613 1329 2647 Vid.
1345 2613 1392 2647 ad
1406 2625 1441 2657 p.
1459 2613 1572 2650 310B.
1598 2611 1768 2656 Xenoph.

1093 2660 1219 2704 Symp.
1235 2658 1252 2692 I
1269 2663 1325 2692 11:
1354 2660 1541 2698 Φίλιππος
1566 2655 1586 2692 ὃ
1612 2659 1769 2700 γελωτο-

1091 2704 1201 2744 ποιὸς
1232 2703 1395 2748 κρούσας
1426 2702 1496 2748 τὴν
1530 2699 1659 2745 θύραν
1686 2699 1769 2736 εἶπε

1091 2749 1141 2797 τῷ
1197 2745 1459 2784 ὑπακούσαντι
1522 2746 1769 2791 εἰσαγγεῖλαι,

1091 2792 1193 2834 ’ὅστις
1223 2807 1263 2828 τε
1296 2795 1354 2838 εἴη
1384 2795 1449 2828 καὶ
1476 2792 1579 2837 διότι
1607 2789 1770 2836 κατάγε-

1093 2842 1186 2875 σθαι
1213 2836 1390 2884 βούλοιτο
1406 2869 1413 2876 .
1429 2838 1489 2874 ,Ὁ
1514 2836 1581 2873 οὐν
1600 2837 1770 2876 Καλλίας
