1939 3214
337 141 416 182 146
921 137 1160 172 PLATONIS

341 235 375 283 ὦ
414 240 629 293 Πιττακέ,
669 238 729 288 ὥς
764 238 946 293 ἀληθῶς
986 263 1036 268 --
1077 235 1159 279 οὐκ
1200 235 1387 291 ἀληθείᾳ
1422 235 1620 290 ἀγαθόν,
1669 234 1754 278 οὐκ

287 315 317 350 Ε
336 306 409 350 ἐπὶ
438 308 582 362 τούτῳ
613 307 730 360 λέγει
760 304 842 359 τὴν
872 305 1107 359 ἀλήθειαν,
1139 302 1199 353 ὠς
1229 302 1316 356 ἄρα
1339 301 1485 345 ὄντων
1505 307 1644 344 τινών
1663 305 1754 345 τῶν

333 375 416 429 μὲν
445 372 504 423 ὡς
534 373 715 428 ἀληθῶς
745 373 948 426 ἀγαθῶν,
979 374 1072 413 τῶν
1102 371 1150 413 δὲ
1182 369 1369 424 ἀγαθῶν
1400 370 1497 423 μέν,
1530 369 1583 411 οὐ
1603 372 1754 425 μέντοι

334 441 532 497 ἀληθῶς·
569 439 730 494 εὔηθες
759 438 845 493 γαρ
877 438 1009 481 τοῦτό
1038 454 1089 492 γε
1120 439 1282 492 φανείη
1304 433 1360 478 ἀν
1383 437 1456 477 καὶ
1478 435 1533 478 οὐ
1557 440 1754 492 Σιμωνί-

334 510 435 551 δου·
475 505 575 549 ἀλλ’
615 504 871 562 ὑπερβατὸν
903 507 975 547 δεῖ
999 510 1149 548 θεῖναι
1181 505 1231 546 ἐν
1261 507 1322 559 τῷ
1354 502 1514 560 ᾅσματι
1543 502 1592 545 τὸ
1623 503 1753 546 ἀλα-
1777 515 1794 541 5

334 577 494 629 θέως,
535 572 703 616 οὑτωσί
739 588 833 623 πως
871 570 1119 615 ὑπειπόντα
1157 571 1204 613 τὸ
1236 574 1316 613 τοῦ
1348 569 1573 613 Πιττακοῦ
1604 570 1754 626 ὥσπερ

333 641 390 684 ἂν
422 643 462 684 εἰ
489 646 648 696 θεῖμεν
673 639 812 682 αὐτὸν
834 641 1022 694 λέγοντα
1043 639 1124 681 τὸν
1145 637 1374 681 Πιττακὸν
1395 654 1470 679 και
1493 638 1754 693 Σιμωνίδην

333 709 709 763 ἀποκρινόμενον,
750 708 931 750 εἰπόντα
965 707 1015 748 ,Ω
1054 706 1315 760 ἄνθρωποι,
1352 704 1547 759 χαλεπὸν
1587 704 1756 747 ἐσθλὸν

335 779 541 831 ἑμμεναι,
588 774 668 818 τὸν
716 775 764 817 δε
805 773 1164 829 ἀποκρινόμενον
1207 772 1274 815 ὅτι
1315 776 1363 815 Ώ
1410 771 1626 825 Πιττακέ,
1672 769 1755 813 οὐκ

334 843 482 898 ἀληθῆ
523 843 681 897 λέγεις·
724 841 777 884 οὐ
813 858 900 896 γαρ
941 838 1077 894 εἶναι,
1119 839 1234 882 ἀλλά
1272 841 1486 895 γενέσθαι
1516 840 1598 893 μέν
1629 839 1753 882 ἐστιν
1771 851 1804 876 10

334 910 480 965 ἄνδρα
521 909 697 964 ἀγαθὸν
735 911 864 963 χερσί
900 924 946 950 τε
985 909 1059 950 καὶ
1099 907 1203 949 ποσὶ
1234 908 1308 949 καὶ
1339 907 1430 963 νόῳ
1460 906 1754 961 τετράγωνον,

335 976 444 1019 ἄνευ
475 977 619 1030 ψόγου
649 976 935 1030 τετυγμένον,
968 974 1163 1030 χαλεπὸν
1195 973 1410 1023 ἀλαθέως.
1459 973 1574 1015 οὕτω
1596 975 1756 1027 φαίνε-

335 1061 404 1086 ται
434 1043 545 1097 πρὸς
575 1044 711 1096 λόγον
743 1042 792 1084 τὸ
824 1043 919 1097 μέν
951 1042 1286 1097 ἐμβεβλημένον
1317 1040 1390 1083 καὶ
1420 1039 1478 1082 τὸ
1509 1039 1758 1089 ἀλαθέως

244 789 310 821 344

450 1161 477 1192 1.
511 1169 564 1195 ως
591 1152 676 1199 ἀλη
688 1156 780 1195 θῶς
813 1155 859 1189 Β;
887 1156 973 1189 ante
1005 1151 1054 1194 ὥς
1085 1154 1201 1188 habet
1224 1153 1252 1187 T
1284 1153 1348 1187 καὶ
1382 1164 1426 1187 ex
1449 1153 1690 1197 praecedenti
1714 1151 1756 1188 κε’

338 1204 473 1236 ortum.
560 1204 589 1234 7
622 1202 734 1244 θείη
744 1212 827 1244 μεν
852 1199 928 1233 ΒΤ.
999 1203 1052 1236 12.
1079 1201 1323 1243 φαίνεταιε
1355 1198 1391 1231 in
1418 1198 1486 1232 ΒΤ
1520 1197 1670 1232 additur
1701 1195 1755 1240 τὸ,

335 1246 435 1289 quod
472 1245 657 1280 Heindorf
685 1245 883 1279 delendum
920 1244 985 1279 aut
1020 1243 1058 1277 111
1095 1256 1153 1278 τοι
1191 1244 1393 1285 (φαίνεταί
1426 1245 1499 1285 τοι)
1535 1242 1756 1277 mutandum

335 1291 490 1326 censuit.
541 1290 610 1324 Ast
633 1301 700 1333 pio
733 1287 773 1324 τὸ
800 1289 934 1323 maluit
959 1301 1035 1342 μοι,
1061 1286 1232 1323 Sehirlitz
1262 1301 1321 1330 τε,
1355 1287 1421 1322 sed
1452 1299 1567 1331 quum
1598 1287 1646 1321 ad
1677 1297 1756 1321 sen-

334 1336 493 1371 tentiam
525 1335 617 1369 nihil
656 1334 905 1378 desideretur,
944 1332 986 1368 τὸ
1017 1333 1188 1367 11131)
1220 1315 1347 1374 aliqiio
1379 1332 1501 1366 scriba
1529 1342 1604 1366 non
1635 1331 1757 1366 minus

333 1383 474 1415 temere
506 1380 733 1414 inculcatum
765 1390 841 1414 esse
875 1380 966 1422 puto
992 1389 1103 1422 quam
1129 1390 1164 1422 p
1191 1381 1255 1412 312
1281 1377 1311 1411 D
1338 1379 1407 1420 (52,
1432 1379 1476 1419 7),
1503 1377 1548 1411 cf.
1574 1388 1609 1420 p.
1636 1380 1703 1411 324
1727 1375 1757 1410 B

336 1429 405 1469 (87,
434 1428 480 1470 7),
504 1437 542 1470 p.
569 1429 635 1459 336
659 1425 692 1458 A
717 1424 763 1459 al.

382 1531 411 1562 l.
460 1524 540 1560 οὐκ
590 1524 664 1560 ἐπὶ
713 1522 857 1570 τούτῳ
906 1527 936 1559 λ.
978 1538 1006 1560 τ.
1079 1534 1205 1558 omnes
1247 1522 1445 1567 scriptores
1492 1522 1636 1556 veteres
1684 1521 1756 1557 fre-

336 1567 586 1615 ἀλήθειαν]
615 1569 843 1608 Simonides,
875 1569 1007 1612 inquit,

336 1584 555 1650 adverbium
589 1612 774 1664 ἀλαθέως
810 1624 885 1647 11011
927 1624 1009 1647 011111

336 1658 384 1705 ἀγ
388 1659 490 1694 αθόν
517 1659 704 1711 coniungi
708 1659 838 1697 voluit
865 1659 928 1693 sed
946 1658 1010 1692 ad-

335 1674 430 1739 didit
471 1704 519 1739 ad
561 1701 739 1749 χαλεπόν.
799 1704 840 1737 111
880 1703 1011 1752 eaden]

335 1750 521 1784 sententia
536 1749 762 1793 Protagoias
781 1758 930 1792 quoque
956 1748 1011 1781 vi-

335 1795 442 1829 detur
454 1794 579 1837 fuisse,
595 1805 706 1838 quum
726 1804 838 1837 supra,
855 1804 889 1836 p.
907 1792 1011 1827 339D

336 1839 550 1874 Simonides,
580 1839 631 1873 sie
662 1838 865 1892 proferret:
905 1841 1011 1891 χαλε-

335 1882 408 1919 πόν
443 1882 544 1919 εἶναι
577 1881 703 1926 ἄνδρα
729 1879 884 1927 ἀγαθὸν
911 1882 1012 1927 γενέ-

336 1931 430 1964 σθαι
465 1927 647 1974 ἀληθείᾳ.
696 1928 745 1961 At
776 1929 891 1982 poeta
916 1938 1013 1969 011111,

337 1985 447 2017 quem
472 1975 571 2008 inira
595 1970 832 2027 πανάμωμον
859 1970 1011 2025 ἀνθρω-

336 2032 408 2053 πον
434 2019 540 2060 dicit.
566 2018 626 2051 hio
651 2015 831 2057 ἀλαθέως
856 2013 1011 2069 ἀγαθόν

336 2064 442 2106 dixit,
467 2063 602 2097 Plato
593 2073 671 2106 lpse
697 2061 832 2102 τελέως
857 2057 1011 2106 ἀγαθόν

337 2108 382 2142 (10
408 2119 484 2151 rep.
510 2119 546 2152 p.
572 2111 638 2141 427
663 2106 702 2143 E

381 2179 411 2209 ⁶2.
453 2171 508 2214 ὡς
550 2170 636 2218 ἆρα
678 2170 823 2208 ὄντων
873 2174 1011 2214 τινῶν

337 2221 421 2254 τῶν
463 2232 543 2264 μεν
569 2219 626 2262 —I
654 2218 761 2268 quasi
791 2218 864 2252 sint
897 2217 1014 2261 aliqui

335 2265 472 2309 partim
504 2274 589 2298 vere
621 2263 728 2306 boni,
760 2263 898 2307 partim
923 2262 1012 2297 boni

336 2309 499 2352 quidem,
526 2309 591 2343 sed
615 2319 689 2342 non
714 2319 799 2342 vere
817 2319 839 2341 1
858 2319 889 2342 e.
907 2308 1013 2351 quasi

337 2355 410 2388 sint
440 2354 553 2396 aliqui
588 2353 677 2387 boni
713 2364 757 2388 ex
793 2352 911 2394 iisque
949 2353 1012 2386 alii

336 2409 409 2433 non
435 2409 534 2441 vere,
560 2398 606 2432 cf.
631 2399 675 2432 de
700 2409 777 2442 rep
792 2397 882 2432 VIII
900 2401 964 2432 560
979 2398 1010 2431 A

337 2446 405 2478 ’και
430 2457 529 2483 τινες
555 2444 628 2477 τῶν
648 2441 865 2499 ἐπιθυμιῶν
885 2440 925 2476 αἱ
943 2455 1011 2485 μεν

338 2485 625 2533 διεφθάρησαν,
657 2486 698 2521 αἴ
723 2485 765 2521 δε
792 2487 856 2522 καὶ
883 2484 1011 2529 ἐξέπε-

338 2545 416 2567 60²1.

383 2606 413 2637 5.
447 2597 710 2645 ὑπερβατὸν
743 2600 821 2634 δει
850 2601 1011 2633 θειναι

338 2646 398 2700 -]
418 2646 612 2680 traiectum
637 2645 770 2695 putare
797 2645 946 2688 oportet
970 2641 1012 2678 τὸ

339 2688 528 2730 ἀλαθέως.
589 2689 815 2724 Elocutionis
854 2688 1013 2732 figuram

340 2733 555 2778 ὑπερβατοῦ
594 2735 641 2768 3(1
676 2734 750 2768 vim
787 2733 1014 2777 singulorum

338 2780 537 2815 verborum
573 2777 822 2813 extollendam
859 2780 897 2812 et
933 2789 1014 2812 ora-

338 2825 448 2859 tionis
478 2835 674 2858 numerum
711 2823 1014 2858 conformandum

1080 1569 1374 1611 quentaverunt;
1401 1568 1573 1610 01111326
1588 1565 1613 1601 C
1628 1561 1758 1619 ὀψιαί-

1081 1626 1176 1648 τατα
1213 1613 1266 1652 εἰς
1299 1612 1543 1646 διδασκάλων
1575 1625 1641 1656 της
1674 1609 1755 1654 ἡλι-

1081 1660 1167 1698 κίας
1200 1658 1354 1707 φοιτᾶν,
1386 1656 1451 1692 sed
1482 1655 1573 1691 artis
1598 1656 1757 1691 voeabu-

1081 1703 1158 1736 lum
1183 1702 1242 1736 hic
1268 1702 1427 1746 primum
1453 1700 1650 1735 invenitur.
1690 1700 1758 1734 La-

1081 1746 1159 1782 tine
1187 1746 1320 1781 dicitur
1336 1747 1534 1781 veiborum
1554 1745 1613 1780 vel
1637 1747 1758 1780 trans·

1082 1792 1221 1843 gressio
1247 1792 1305 1826 vel
1335 1792 1507 1826 traiectio
1531 1790 1758 1825 10113118-

1081 1837 1216 1881 positio
1247 1837 1293 1871 de
1319 1847 1383 1870 suo
1415 1836 1496 1870 1000
1520 1836 1558 1869 in
1584 1835 1759 1872 alienum.

1083 1882 1214 1916 Alieno
1239 1882 1356 1926 igitur
1380 1881 1460 1915 1000
1479 1881 1561 1918 adv
1581 1877 1759 1920 ἀλαθέως

1083 1927 1306 1961 collocatum
1325 1937 1404 1960 esse
1423 1925 1525 1966 dicit,
1551 1935 1623 1968 quo
1641 1925 1755 1959 verbo

1081 1972 1247 2015 poetam,
1272 1972 1303 2004 si
1327 1972 1465 2004 iustum
1483 1970 1682 2004 verborum
1700 1979 1756 2003 or-

1082 2016 1206 2049 dinem
1232 2016 1338 2057 sequi
1362 2015 1559 2054 voluisset,
1593 2024 1758 2058 compre-

1082 2061 1297 2095 hensionem
1325 2060 1532 2094 clausurum
1557 2059 1670 2093 fuisse
1689 2058 1755 2092 So-

1083 2107 1201 2140 crates
1228 2106 1381 2139 censuit.
1418 2104 1549 2156 Itaque
1574 2103 1712 2147 paulo
1702 2115 1755 2137 ln-

1081 2150 1195 2184 serius
1220 2161 1255 2194 p.
1275 2154 1339 2184 344
1358 2150 1389 2182 Α
1408 2147 1548 2204 ὀρθῶς
1567 2150 1617 2191 (h.
1638 2159 1664 2182 e
1683 2159 1758 2182 non

1082 2192 1318 2238 νπερβατῶς)
1357 2193 1403 2229 ἐπ
1457 2191 1600 2239 ἐσχάτῳ
1630 2194 1758 2237 κείμε·

1082 2253 1149 2274 νον
1175 2241 1230 2274 est
1255 2240 1369 2274 ‘recte
1395 2250 1417 2273 a
1439 2239 1546 2273 nobis
1569 2259 1613 2263 —
1637 2249 1711 2272 non
1736 2248 1758 2272 a

1082 2287 1195 2329 poeta
1219 2305 1260 2308 —
1286 2285 1324 2318 in
1349 2284 1421 2318 fine
1445 2283 1607 2338 positum
1632 2284 1716 2316 est’

1127 2334 1158 2364 6.
1199 2327 1371 2364 οὑτωσί
1404 2341 1493 2368 πως
1529 2326 1756 2362 ὑπειπόν-

1080 2375 1145 2419 τα]
1179 2374 1294 2408 Recte
1326 2372 1522 2408 Heindorf.
1561 2372 1624 2406 sio
1660 2372 1757 2407 fere

1080 2419 1201 2453 illud
1220 2418 1389 2456 Pittaci
1414 2417 1531 2462 apud
1557 2417 1757 2452 animum

1081 2464 1240 2499 intelli
1249 2464 1448 2508 gentem,
1487 2461 1621 2505 quasi
1656 2461 1755 2505 ipse

1080 2509 1298 2553 loquatur
1336 2507 1567 2549 Pittacus,
1614 2505 1755 2541 Simo-

1080 2554 1210 2588 nides
1248 2552 1543 2603 respondeat.
1591 2550 1757 2585 Verbum

1084 2597 1261 2633 ὑπειπεῖν
1291 2596 1454 2640 signifiat
1485 2597 1541 2631 ita
1570 2597 1754 2639 interpre-

1083 2643 1167 2684 tari,
1194 2645 1234 2676 ut
1259 2642 1304 2676 de
1321 2643 1386 2675 tuo
1404 2641 1548 2684 aliquid
1565 2640 1751 2682 subiicias,

1084 2688 1161 2722 sive
1186 2686 1370 2730 loquendo
1388 2687 1463 2720 sive
1483 2685 1694 2729 cogitando
1713 2705 1757 2709 —

1083 2732 1170 2766 Mox
1194 2733 1279 2766 ante
1298 2730 1456 2766 εἰπόντα
1473 2730 1757 2773 intelligendum

1083 2774 1148 2812 τὸν
1185 2776 1266 2819 μέν,
1303 2786 1377 2810 11011
1414 2786 1498 2810 011111
1528 2775 1757 2819 Stephano

1083 2820 1362 2856 inferciendum.
1389 2833 1420 2855 v.
1451 2821 1497 2854 ad
1522 2832 1557 2864 p.
1584 2824 1649 2855 330
1674 2821 1717 2854 A.
