1939 3214
363 154 440 196 186
938 153 1131 189 PLATON
1135 153 1176 189 IS

268 266 330 298 361
357 252 441 309 γὰρ
481 253 568 308 ὅτι,
607 254 770 297 τούτου
802 258 1005 309 φανεροῦ
1035 256 1297 309 γενομένου,
1329 255 1518 309 μάλιστα
1549 253 1605 298 ἂν
1636 256 1772 298 κατά-

357 322 496 377 δηλον
533 323 708 376 γένοιτο
747 321 916 374 ἐκεῖνο,
958 321 1059 375 περὶ
1096 312 1150 364 οὗ
1190 323 1278 376 ε’γω’
1315 338 1361 364 τε
1400 323 1474 364 καὶ
1512 322 1569 365 σύ
1598 322 1773 378 μακρὸν

357 390 493 443 λόγον
529 388 733 443 ἑκάτερος
769 388 1079 443 ἅπετείναμεν,
1121 388 1207 443 ἐγώ
1236 390 1319 444 μὲν
1350 390 1491 443 λέγων
1521 388 1584 439 ὠς
1614 389 1668 432 ού
1700 392 1773 432 δι-

356 455 522 499 δακτόν
553 455 703 511 ἀρετή,
736 455 793 499 σύ
826 455 867 498 δ’
900 454 960 505 ὠς
989 457 1213 498 διδακτόν.
1274 459 1353 499 καί
1389 472 1464 512 μοι
1494 458 1621 499 δοκεῖ
1644 457 1772 512 ἡμῶν

354 521 380 578 ἡ
419 522 520 578 ἄρτι
559 524 708 574 ἔξοδος
747 525 837 565 τῶν
877 523 1024 577 λόγων
1055 522 1206 578 ὥσπερ
1237 523 1478 578 ἄνθρωπος
1508 532 1772 578 κατηγορεῖν
1801 540 1818 567 5

355 606 401 633 τε
439 592 513 632 καὶ
551 593 802 645 καταγελᾶν
841 591 934 643 καὶ,
976 592 1016 633 εί
1052 589 1208 645 φωνὴν
1245 591 1397 646 λάβοι,
1440 593 1581 634 εἰπεῖν
1611 590 1670 634 ἂν
1706 589 1773 634 ὅτι

354 659 517 701 ἄτοποί
549 657 593 712 γ’
634 659 754 712 ἐστέ,
802 653 838 701 ὦ
877 658 1116 712 Σώκρατές
1160 674 1207 700 τε
1253 658 1326 700 καὶ
1368 659 1670 714 Πρωταγόρα·
1717 659 1772 703 σύ

354 726 436 781 μὲν
473 726 616 780 λέγων
657 725 724 768 ὅτι
754 724 809 768 οὐ
849 725 1062 768 διδακτόν
1101 726 1225 768 ἐστιν
1263 724 1290 781 ἡ
1330 724 1463 781 ἀρετὴ
1497 725 1544 768 ἐν
1573 734 1666 776 τοῖς
1696 729 1773 783 ἔμ-

310 801 337 835 B
356 797 572 847 πρόσθεν,
605 796 692 836 νῦν
714 796 887 849 σεαυτῷ
908 792 1121 835 τάναντία
1145 794 1368 846 σπεύδεις,
1403 792 1638 873 ἐπιχειρῶν
1658 793 1773 837 ἀπο-

355 863 494 912 δεῖξαι
525 877 583 910 ως
612 860 756 902 πάντα
786 861 988 916 χρήματα
1021 861 1144 903 ἐστιν
1174 861 1403 941 ἐπιστήμη,
1436 862 1509 903 καὶ
1540 859 1566 916 ἡ
1597 863 1772 904 δικαιο-
1786 877 1818 902 10

354 926 467 983 σύνη
490 928 563 970 καὶ
593 925 619 982 ἡ
651 929 923 983 σωφροσύνη
955 929 1028 970 καὶ
1057 925 1083 983 ἡ
1115 927 1314 982 ἀνδρεία,
1347 929 1380 984 ςὸ
1413 931 1563 985 τρόπῳ
1593 929 1770 1008 μάλιστ’

354 992 411 1038 α“ν
442 996 655 1037 διδακτὸν
685 998 848 1049 φανείη
879 994 905 1049 ἡ
938 993 1086 1050 ἄρετη.
1150 997 1190 1036 εί
1218 996 1300 1049 μὲν
1330 995 1414 1049 γὰρ
1446 994 1556 1037 ἄλλο
1587 1012 1628 1037 τι
1658 1012 1715 1050 ην
1744 994 1774 1051 ἠ

355 1062 571 1118 ἐπιστήμη
601 1060 626 1117 ἡ
659 1061 816 1116 ἀρετή,
848 1060 998 1116 ὥσπερ
1028 1063 1331 1116 Πρωταγόρας
1363 1063 1580 1117 ἐπεχείρει
1609 1062 1772 1118 λέγειν,

354 1130 507 1185 σαφῶς
545 1129 628 1173 οὐκ
668 1128 726 1171 ἂν
763 1126 822 1184 ἦν
854 1130 1087 1172 διδακτόν·
1129 1130 1215 1171 νῦν
1246 1130 1294 1171 δὲ
1326 1131 1366 1171 εί
1394 1129 1643 1185 φανήσεται
1674 1131 1773 1173 ε’πι-

354 1201 497 1253 στήμη
536 1197 660 1251 ὅλον,
703 1195 761 1247 ὠς
799 1195 855 1238 σύ
888 1197 1118 1252 σπεύδεις,
1160 1191 1195 1239 ὦ
1227 1197 1479 1252 Σώκρατες,
1510 1198 1770 1251 θαυμάσιον
1788 1212 1819 1238 15

353 1268 474 1308 ἔσται
495 1264 552 1320 μὴ
585 1264 798 1307 διδακτὸν
819 1263 886 1307 ὅν.
932 1265 1236 1319 Πρωταγόρας
1266 1264 1308 1307 δ’
1343 1259 1399 1306 αὖ
1431 1263 1644 1307 διδακτὸν
1673 1265 1772 1308 τότε

291 1341 334 1376 ⁷C
354 1332 632 1388 ὑποθέμενος
676 1336 765 1374 νῦν
814 1330 1080 1375 τούναντίον
1131 1334 1247 1375 ἔοικε
1298 1332 1562 1387 σπεύδοντι,
1615 1330 1772 1387 ὀλίγον

354 1401 498 1443 πάντα
536 1403 710 1455 μᾶλλον
749 1403 948 1454 φανῆναι
986 1398 1094 1442 αὐτὸ
1133 1398 1162 1455 ἦ
1202 1399 1465 1454 ἐπιστήμην·
1512 1401 1585 1442 καὶ
1631 1398 1773 1449 οὕτως

354 1464 409 1510 ἄν
439 1467 597 1523 ἥκιστα
630 1472 696 1523 εἴη
727 1467 952 1510 διδακτόν.
1000 1467 1085 1522 ἐγώ
1109 1462 1209 1522 οὖν,
1242 1460 1277 1507 ὦ
1298 1467 1593 1522 Πρωταγόρα,
1625 1467 1771 1509 πάντα

353 1538 492 1577 ταῦτα
522 1538 736 1588 καθορῶν
767 1533 858 1577 ἄνω
897 1537 1015 1577 κάτω
1052 1535 1356 1589 ταραττόμενα
1395 1535 1578 1587 δειναῖς,
1618 1537 1768 1575 πᾶσαν
1790 1556 1824 1581 20

353 1605 614 1658 προθυμίαν
636 1605 719 1657 ἔχω
750 1605 987 1658 καταφανῆ
1017 1601 1129 1644 αὐτὰ
1159 1603 1385 1656 γενέσθαι,
1418 1601 1492 1643 καὶ
1522 1603 1772 1657 βουλοίμην

463 1731 494 1762 8.
522 1724 544 1770 η
575 1724 713 1769 ἀρετὴ
741 1726 788 1759 T:
816 1723 932 1769 ἁρετὴ
959 1726 998 1767 Β,
1028 1726 1072 1760 cf
1099 1737 1136 1769 p
1163 1725 1285 1761 3203.
1358 1724 1599 1769 ἔμπροσθε
1624 1724 1772 1760 Bekker

353 1772 500 1816 scripsit
518 1783 600 1806 cum
618 1770 784 1805 Parisino
805 1775 890 1805 1809
909 1772 947 1805 et
970 1753 1066 1805 h'ane
1091 1737 1250 1804 tlormam
1277 1772 1363 1804 ante
1390 1780 1588 1804 consonam
1613 1771 1770 1814 praebet

353 1818 465 1852 etiam
499 1817 661 1861 optimus
692 1815 789 1850 liber
814 1815 1026 1850 Platonicus
1050 1815 1165 1850 Paris
1190 1817 1221 1850 A
1247 1815 1292 1849 de
1317 1816 1390 1859 leg.
1416 1827 1453 1860 p.
1480 1819 1545 1850 688
1572 1814 1608 1855 0,
1636 1819 1701 1850 773
1725 1815 1768 1857 Ε,

352 1867 417 1898 925
442 1863 490 1903 A,
528 1862 591 1896 sed
629 1861 727 1895 idem
765 1874 786 1894 ν
823 1860 928 1895 addit
964 1861 1044 1895 aliis
1081 1860 1183 1903 locis,
1222 1862 1263 1895 ut
1297 1860 1385 1896 ibid.
1411 1871 1452 1904 p.
1478 1864 1543 1894 772
1567 1859 1609 1903 Ε,
1635 1865 1700 1895 920
1726 1859 1770 1895 D.

352 1920 385 1945 v
412 1892 557 1942 Lob'eck
583 1906 630 1941 ad
656 1906 747 1949 Phr)
743 1906 852 1939 nich.
879 1918 915 1950 p.
941 1910 1016 1941 284.
1064 1905 1105 1939 In
1136 1905 1439 1961 inscriptionibus
1464 1905 1599 1939 Atticis
1625 1907 1770 1940 tantum

351 1964 424 1987 non
455 1963 601 1996 semper
633 1950 830 1986 exhibetur
859 1951 980 1986 forma
1012 1950 1033 1985 ἔ
1032 1954 1239 1995 μ.προσθεν
1315 1954 1365 1986 15.
1389 1947 1623 2003 ἐπιστήμη
1660 1945 1769 1984 ὅλον

352 1998 436 2031 BT:
461 1997 609 2031 Bekker
633 1995 789 2030 retinuit
812 1995 900 2029 olim
933 1996 1124 2040 vulgatam
1154 1995 1350 2030 lectionem
1385 1991 1441 2038 ὅν,
1469 1994 1533 2029 sed
1557 2006 1593 2030 v.
1619 1994 1768 2030 Menon.

352 2047 453 2088 1181
480 2041 524 2084 D,
550 2041 613 2075 ubi
639 2036 727 2076 όλον
753 2040 883 2075 eodem
907 2041 1017 2075 inodo
1044 2040 1190 2075 dieitur.

1096 2141 1276 2178 tudinem
1303 2140 1487 2185 χρήματα
1513 2144 1555 2175 ut
1571 2151 1695 2184 saepe,
1721 2140 1769 2175 ad

353 2144 553 2187 cognoseat
588 2142 705 2187 ipsam
739 2141 1027 2185 pulchritudinis

1098 2187 1302 2220 orationem
1353 2185 1654 2230 amplificandam
1703 2185 1769 2220 ad-

352 2189 475 2224 ἰδέαν.

403 2238 434 2268 2.
481 2229 660 2276 μακρὸν
699 2229 833 2276 λόγον
870 2252 908 2256 -
941 2230 1028 2266 οἷπ-

355 2276 719 2322 ετείναμεν]ν11.
736 2276 1026 2321 3350113360,

398 2328 429 2358 8.
468 2320 513 2358 ἐν
550 2335 645 2363 τοις
673 2321 956 2367 ἔμπροσθεν]
982 2321 1026 2357 V.

353 2381 389 2413 p.
415 2366 537 2403 32013.

399 2419 430 2449 9.
465 2412 551 2447 νῦν
587 2413 759 2455 σεαυτῷ
799 2411 1027 2446 τάναντία

355 2456 593 2502 σπεύδεις]
622 2448 1033 2500 01110111145οεκαϊ

355 2505 515 2539 τοιαῦτα
549 2503 724 2541 σπεύδεις
749 2503 836 2560 περὶ
864 2501 1029 2537 σεαυτὸν

355 2549 551 2601 γενέσθαι,
571 2543 668 2591 ἅπερ
687 2542 735 2581 διν
753 2549 817 2582 καὶ
837 2546 876 2581 οἱ
891 2544 1029 2591 ἐχθροί

357 2607 423 2629 σου
443 2592 650 2628 σπεύσαιέν
675 2604 714 2626 τε
738 2592 804 2626 καὶ
824 2591 1025 2627 ἔσπευσαν.

357 2639 469 2683 Gorg
511 2637 652 2672 ,ε4550
677 2637 742 2671 καὶ
768 2634 808 2671 τὸ
827 2635 894 2672 σὸν
913 2635 1029 2672 σπεύ-

357 2650 458 2719 δεινξ
506 2683 605 2718 tallb.

403 2734 455 2764 10.
481 2726 536 2769 ὡς
561 2726 710 2763 πάντα
737 2740 946 2772 χρηματα
972 2727 1026 2771 --]

356 2784 482 2809 omnes
517 2784 574 2807 res
608 2774 631 2808 i.
670 2785 701 2807 e.
739 2783 865 2806 omnes
901 2773 1028 2820 partes

355 2818 502 2853 virtutis
527 2828 605 2852 esse
630 2817 834 2858 seientiam,
862 2819 899 2851 et
922 2816 1026 2850 iusti—

354 2866 446 2899 tiam
479 2864 517 2898 et
544 2862 832 2908 temperantiam
860 2864 898 2896 et
920 2862 1026 2896 forti-

1096 2231 1244 2267 iectum
1269 2243 1305 2265 v.
1332 2243 1367 2275 p.
1392 2234 1457 2264 312
1483 2231 1520 2266 0.

1146 2281 1195 2310 15.
1232 2273 1505 2320 θαυμάσιον
1545 2274 1672 2310 ἔσται
1710 2275 1766 2327 μὴ

1098 2323 1132 2357 ὃ.
1147 2319 1206 2366 ὅν]
1216 2321 1400 2378 Sophocl
1419 2320 1509 2358 Oed
1527 2320 1570 2356 R.
1589 2324 1670 2355 289:
1695 2318 1769 2354 ποῖ-

1098 2371 1160 2403 λαι
1187 2365 1230 2402 δε
1257 2363 1306 2411 μὴ
1333 2364 1465 2418 παρὼν
1489 2362 1745 2409 θαυμάζεται.

1145 2416 1196 2447 17.
1222 2413 1306 2445 νῦν
1337 2409 1619 2446 τούναντίον
1644 2408 1768 2444 ἔοικε

1099 2453 1371 2500 σπεύδοντι]
1422 2465 1537 2490 1111110
1586 2456 1768 2489 contra-

1098 2503 1214 2537 rium
1250 2501 1433 2536 videtur
1474 2499 1767 2536 contendere.

1098 2547 1153 2582 De
1179 2545 1323 2601 republ
1341 2545 1530 2589 11111414
1548 2543 1591 2579 0·
1619 2542 1667 2584 ὡς
1693 2543 1768 2578 εἰοι-

1098 2590 1283 2635 κας,ἐ’,φη
1297 2557 1475 2625 ὀκνοῦντι
1491 2588 1624 2643 λέγειν.
1650 2588 1767 2623 Phae

1099 2637 1183 2672 don.
1207 2648 1245 2681 p.
1270 2634 1375 2670 87E:
1403 2647 1527 2670 εοικεν
1553 2631 1767 2689 ἁπτομένῳ,

1098 2682 1196 2726 apol.
1221 2693 1257 2725 p.
1284 2684 1326 2714 27
1345 2681 1393 2714 A:
1421 2679 1520 2715 ἔοικε
1546 2692 1616 2724 γαρ
1643 2690 1766 2721 ωσπερ

1098 2729 1268 2775 αινιγμα
1282 2724 1516 2778 ξυντιθέντι.
1557 2723 1705 2758 Menon.
1729 2735 1766 2779 p.

1097 2772 1201 2807 80D:
1227 2784 1296 2805 νυν
1324 2769 1455 2813 μέντοι
1481 2765 1611 2813 όμοιος
1638 2767 1675 2803 εἴ
1697 2768 1767 2803 οὐκ

1097 2814 1230 2852 εἰδότι.
1253 2814 1380 2850 Stallb.
1408 2814 1508 2849 Conf.
1534 2813 1680 2858 Kriiger
1703 2813 1769 2849 Gr

1096 2866 1150 2896 56.
1174 2865 1205 2903 4,
1231 2864 1262 2895 9.
