<?xml version="1.0" encoding="UTF-8"?>
<!DOCTYPE html PUBLIC "-//W3C//DTD XHTML 1.0 Transitional//EN"
    "http://www.w3.org/TR/xhtml1/DTD/xhtml1-transitional.dtd">
<html xmlns="http://www.w3.org/1999/xhtml" xml:lang="en" lang="en">
 <head>
  <title>
</title>
<meta http-equiv="Content-Type" content="text/html;charset=utf-8" />
  <meta name='ocr-system' content='tesseract 3.04.00' />
  <meta name='ocr-capabilities' content='ocr_page ocr_carea ocr_par ocr_line ocrx_word'/>
</head>
<body>
  <div class='ocr_page' id='page_1' title='image "./protagorascumpro00platuoft/protagorascumpro00platuoft_0128.png"; bbox 0 0 1939 3214; ppageno 0'>
   <div class='ocr_carea' id='block_1_1' title="bbox 384 148 1204 192">
    <p class='ocr_par' dir='ltr' id='par_1_1' title="bbox 384 148 1204 192">
     <span class='ocr_line' id='line_1_1' title="bbox 384 148 1204 192; baseline -0.011 0"><span class='ocrx_word' id='word_1_1' title='bbox 384 150 467 192; x_wconf 81' lang='grc'><strong><em>116</em></strong></span> <span class='ocrx_word' id='word_1_2' title='bbox 966 148 1204 184; x_wconf 84' lang='lat' dir='ltr'><strong>PLATONIS</strong></span> 
     </span>
    </p>
   </div>
   <div class='ocr_carea' id='block_1_2' title="bbox 335 248 1852 1380">
    <p class='ocr_par' dir='ltr' id='par_1_2' title="bbox 335 248 1852 1379">
     <span class='ocr_line' id='line_1_2' title="bbox 380 248 1802 305; baseline 0.001 -14"><span class='ocrx_word' id='word_1_3' title='bbox 380 250 454 291; x_wconf 85' lang='grc' dir='ltr'><strong><em>καὶ</em></strong></span> <span class='ocrx_word' id='word_1_4' title='bbox 486 251 604 292; x_wconf 82' lang='grc' dir='ltr'><strong><em>σιτία</em></strong></span> <span class='ocrx_word' id='word_1_5' title='bbox 635 250 708 291; x_wconf 79' lang='grc' dir='ltr'><strong><em>καὶ</em></strong></span> <span class='ocrx_word' id='word_1_6' title='bbox 739 249 851 291; x_wconf 78' lang='grc' dir='ltr'><strong><em>ποτὰ</em></strong></span> <span class='ocrx_word' id='word_1_7' title='bbox 882 248 954 291; x_wconf 83' lang='grc' dir='ltr'><strong><em>καὶ</em></strong></span> <span class='ocrx_word' id='word_1_8' title='bbox 987 249 1200 304; x_wconf 84' lang='grc' dir='ltr'><strong><em>φάρμακα</em></strong></span> <span class='ocrx_word' id='word_1_9' title='bbox 1232 250 1305 291; x_wconf 83' lang='grc' dir='ltr'><strong><em>καὶ</em></strong></span> <span class='ocrx_word' id='word_1_10' title='bbox 1336 249 1450 291; x_wconf 77' lang='grc' dir='ltr'><strong><em>ἄλλα</em></strong></span> <span class='ocrx_word' id='word_1_11' title='bbox 1479 253 1633 305; x_wconf 87' lang='grc' dir='ltr'><strong><em>μυρία,</em></strong></span> <span class='ocrx_word' id='word_1_12' title='bbox 1666 249 1719 293; x_wconf 78' lang='grc' dir='ltr'><strong><em>τὰ</em></strong></span> <span class='ocrx_word' id='word_1_13' title='bbox 1751 251 1802 293; x_wconf 85' lang='grc' dir='ltr'><strong><em>δέ</em></strong></span> 
     </span>
     <span class='ocr_line' id='line_1_3' title="bbox 379 315 1797 372; baseline 0 -13"><span class='ocrx_word' id='word_1_14' title='bbox 379 333 429 370; x_wconf 81' lang='grc' dir='ltr'><strong><em>γε</em></strong></span> <span class='ocrx_word' id='word_1_15' title='bbox 461 316 684 371; x_wconf 85' lang='grc' dir='ltr'><strong><em>ω’φέλιμα·</em></strong></span> <span class='ocrx_word' id='word_1_16' title='bbox 717 316 770 358; x_wconf 80' lang='grc' dir='ltr'><strong><em>τὰ</em></strong></span> <span class='ocrx_word' id='word_1_17' title='bbox 801 317 849 359; x_wconf 75' lang='grc' dir='ltr'><strong><em>δὲ</em></strong></span> <span class='ocrx_word' id='word_1_18' title='bbox 881 315 1142 370; x_wconf 77' lang='grc' dir='ltr'><strong><em>ἀνθρώποις</em></strong></span> <span class='ocrx_word' id='word_1_19' title='bbox 1171 317 1253 372; x_wconf 77' lang='grc' dir='ltr'><strong><em>μὲν</em></strong></span> <span class='ocrx_word' id='word_1_20' title='bbox 1284 315 1512 371; x_wconf 81' lang='grc' dir='ltr'><strong><em>οὐδέτερα,</em></strong></span> <span class='ocrx_word' id='word_1_21' title='bbox 1543 317 1696 368; x_wconf 79' lang='grc' dir='ltr'><strong><em>ἵπποις</em></strong></span> <span class='ocrx_word' id='word_1_22' title='bbox 1727 316 1797 359; x_wconf 86' lang='grc' dir='ltr'><strong><em>δέ·</em></strong></span> 
     </span>
     <span class='ocr_line' id='line_1_4' title="bbox 380 382 1796 439; baseline 0.001 -14"><span class='ocrx_word' id='word_1_23' title='bbox 380 382 432 425; x_wconf 81' lang='grc' dir='ltr'><strong><em>τὰ</em></strong></span> <span class='ocrx_word' id='word_1_24' title='bbox 469 385 517 426; x_wconf 80' lang='grc' dir='ltr'><strong><em>δὲ</em></strong></span> <span class='ocrx_word' id='word_1_25' title='bbox 555 385 688 438; x_wconf 82' lang='grc' dir='ltr'><strong><em>βουσὶ</em></strong></span> <span class='ocrx_word' id='word_1_26' title='bbox 727 383 891 438; x_wconf 87' lang='grc' dir='ltr'><strong><em>μόνον,</em></strong></span> <span class='ocrx_word' id='word_1_27' title='bbox 934 382 986 425; x_wconf 81' lang='grc' dir='ltr'><strong><em>τὰ</em></strong></span> <span class='ocrx_word' id='word_1_28' title='bbox 1026 384 1074 426; x_wconf 77' lang='grc' dir='ltr'><strong><em>δὲ</em></strong></span> <span class='ocrx_word' id='word_1_29' title='bbox 1106 383 1318 436; x_wconf 84' lang='grc' dir='ltr'><strong><em>κυσί,τά</em></strong></span> <span class='ocrx_word' id='word_1_30' title='bbox 1351 383 1404 425; x_wconf 89' lang='grc' dir='ltr'><strong><em>δέ</em></strong></span> <span class='ocrx_word' id='word_1_31' title='bbox 1429 399 1480 438; x_wconf 83' lang='grc' dir='ltr'><strong><em>γε</em></strong></span> <span class='ocrx_word' id='word_1_32' title='bbox 1511 385 1684 426; x_wconf 87' lang='grc' dir='ltr'><strong><em>τούτων</em></strong></span> <span class='ocrx_word' id='word_1_33' title='bbox 1714 385 1796 439; x_wconf 79' lang='grc' dir='ltr'><strong><em>μὲν</em></strong></span> 
     </span>
     <span class='ocr_line' id='line_1_5' title="bbox 380 448 1798 506; baseline -0.001 -13"><span class='ocrx_word' id='word_1_34' title='bbox 380 448 557 505; x_wconf 83' lang='grc' dir='ltr'><strong><em>οὐδενί,</em></strong></span> <span class='ocrx_word' id='word_1_35' title='bbox 591 452 792 504; x_wconf 74' lang='grc' dir='ltr'><em>δένδροις</em></span> <span class='ocrx_word' id='word_1_36' title='bbox 824 451 893 503; x_wconf 86' lang='grc' dir='ltr'><strong><em>δέ,</em></strong></span> <span class='ocrx_word' id='word_1_37' title='bbox 926 449 978 492; x_wconf 78' lang='grc' dir='ltr'><strong><em>τὰ</em></strong></span> <span class='ocrx_word' id='word_1_38' title='bbox 1010 451 1058 492; x_wconf 81' lang='grc' dir='ltr'><strong><em>δὲ</em></strong></span> <span class='ocrx_word' id='word_1_39' title='bbox 1090 453 1171 492; x_wconf 84' lang='grc' dir='ltr'><strong><em>τοῦ</em></strong></span> <span class='ocrx_word' id='word_1_40' title='bbox 1201 451 1393 506; x_wconf 77' lang='grc' dir='ltr'><em>δένδρου</em></span> <span class='ocrx_word' id='word_1_41' title='bbox 1425 458 1518 500; x_wconf 82' lang='grc' dir='ltr'><strong><em>ταῖς</em></strong></span> <span class='ocrx_word' id='word_1_42' title='bbox 1548 451 1629 506; x_wconf 80' lang='grc' dir='ltr'><strong><em>μὲν</em></strong></span> <span class='ocrx_word' id='word_1_43' title='bbox 1661 451 1798 506; x_wconf 78' lang='grc' dir='ltr'><strong><em>ῥίζαις</em></strong></span> 
     </span>
     <span class='ocr_line' id='line_1_6' title="bbox 335 513 1843 574; baseline -0.002 -13"><span class='ocrx_word' id='word_1_44' title='bbox 335 517 553 572; x_wconf 80' lang='grc' dir='ltr'><strong><em>Βάγαθά,</em></strong></span> <span class='ocrx_word' id='word_1_45' title='bbox 601 525 694 567; x_wconf 79' lang='grc' dir='ltr'><strong><em>ταῖς</em></strong></span> <span class='ocrx_word' id='word_1_46' title='bbox 740 517 787 558; x_wconf 78' lang='grc' dir='ltr'><strong><em>δὲ</em></strong></span> <span class='ocrx_word' id='word_1_47' title='bbox 827 517 1038 571; x_wconf 76' lang='grc' dir='ltr'><em>βλάσταις</em></span> <span class='ocrx_word' id='word_1_48' title='bbox 1077 517 1269 572; x_wconf 74' lang='grc' dir='ltr'><strong><em>πονηροί,</em></strong></span> <span class='ocrx_word' id='word_1_49' title='bbox 1321 513 1418 560; x_wconf 83' lang='grc' dir='ltr'><strong><em>οἷον</em></strong></span> <span class='ocrx_word' id='word_1_50' title='bbox 1455 518 1529 560; x_wconf 85' lang='grc' dir='ltr'><strong><em>καὶ</em></strong></span> <span class='ocrx_word' id='word_1_51' title='bbox 1565 515 1591 572; x_wconf 82' lang='grc' dir='ltr'><strong><em>ἡ</em></strong></span> <span class='ocrx_word' id='word_1_52' title='bbox 1631 520 1798 574; x_wconf 85' lang='grc' dir='ltr'><strong><em>κόπρος</em></strong></span> <span class='ocrx_word' id='word_1_53' title='bbox 1828 542 1843 558; x_wconf 81' lang='lat'>›</span> 
     </span>
     <span class='ocr_line' id='line_1_7' title="bbox 380 584 1798 640; baseline -0.001 -13"><span class='ocrx_word' id='word_1_54' title='bbox 380 585 563 627; x_wconf 81' lang='grc' dir='ltr'><strong><em>πάντων</em></strong></span> <span class='ocrx_word' id='word_1_55' title='bbox 593 587 684 626; x_wconf 78' lang='grc' dir='ltr'><strong><em>τῶν</em></strong></span> <span class='ocrx_word' id='word_1_56' title='bbox 716 599 873 638; x_wconf 83' lang='grc' dir='ltr'><strong><em>φυτων</em></strong></span> <span class='ocrx_word' id='word_1_57' title='bbox 903 591 998 634; x_wconf 77' lang='grc' dir='ltr'><strong><em>ταῖς</em></strong></span> <span class='ocrx_word' id='word_1_58' title='bbox 1028 585 1110 640; x_wconf 79' lang='grc' dir='ltr'><strong><em>μὲν</em></strong></span> <span class='ocrx_word' id='word_1_59' title='bbox 1142 585 1278 640; x_wconf 77' lang='grc' dir='ltr'><strong><em>ῥίζαις</em></strong></span> <span class='ocrx_word' id='word_1_60' title='bbox 1309 584 1486 639; x_wconf 83' lang='grc' dir='ltr'><strong><em>ἀγαθὸν</em></strong></span> <span class='ocrx_word' id='word_1_61' title='bbox 1516 587 1798 639; x_wconf 86' lang='grc' dir='ltr'><strong><em>παραβαλλο-</em></strong></span> 
     </span>
     <span class='ocr_line' id='line_1_8' title="bbox 380 650 1800 706; baseline -0.001 -12"><span class='ocrx_word' id='word_1_62' title='bbox 380 652 511 706; x_wconf 80' lang='grc' dir='ltr'><strong><em>μένη,</em></strong></span> <span class='ocrx_word' id='word_1_63' title='bbox 554 653 593 693; x_wconf 84' lang='grc' dir='ltr'><strong><em>εἰ</em></strong></span> <span class='ocrx_word' id='word_1_64' title='bbox 629 650 671 692; x_wconf 83' lang='grc' dir='ltr'><strong><em>δ’</em></strong></span> <span class='ocrx_word' id='word_1_65' title='bbox 715 650 888 701; x_wconf 78' lang='grc' dir='ltr'><strong><em>ἐθέλοις</em></strong></span> <span class='ocrx_word' id='word_1_66' title='bbox 931 651 1002 694; x_wconf 85' lang='grc' dir='ltr'><strong><em>ἐπὶ</em></strong></span> <span class='ocrx_word' id='word_1_67' title='bbox 1042 650 1145 702; x_wconf 82' lang='grc' dir='ltr'><strong><em>τούς</em></strong></span> <span class='ocrx_word' id='word_1_68' title='bbox 1175 652 1403 706; x_wconf 78' lang='grc' dir='ltr'><strong><em>πτόρθους</em></strong></span> <span class='ocrx_word' id='word_1_69' title='bbox 1433 652 1507 694; x_wconf 85' lang='grc' dir='ltr'><strong><em>καὶ</em></strong></span> <span class='ocrx_word' id='word_1_70' title='bbox 1537 650 1640 701; x_wconf 80' lang='grc' dir='ltr'><strong><em>τοὺς</em></strong></span> <span class='ocrx_word' id='word_1_71' title='bbox 1670 651 1800 701; x_wconf 83' lang='grc' dir='ltr'><strong><em>νέους</em></strong></span> 
     </span>
     <span class='ocr_line' id='line_1_9' title="bbox 381 717 1800 773; baseline 0.001 -13"><span class='ocrx_word' id='word_1_72' title='bbox 381 721 555 768; x_wconf 76' lang='grc' dir='ltr'><strong><em>κλῶνας</em></strong></span> <span class='ocrx_word' id='word_1_73' title='bbox 578 718 854 773; x_wconf 77' lang='grc' dir='ltr'><strong><em>ἐπιβάλλειν,</em></strong></span> <span class='ocrx_word' id='word_1_74' title='bbox 890 718 1034 760; x_wconf 77' lang='grc' dir='ltr'><strong><em>πάντα</em></strong></span> <span class='ocrx_word' id='word_1_75' title='bbox 1056 718 1330 761; x_wconf 85' lang='grc' dir='ltr'><strong><em>ἀπόλλυσιν·</em></strong></span> <span class='ocrx_word' id='word_1_76' title='bbox 1364 719 1458 761; x_wconf 81' lang='grc' dir='ltr'><strong><em>ἐπεὶ</em></strong></span> <span class='ocrx_word' id='word_1_77' title='bbox 1479 721 1554 761; x_wconf 78' lang='grc' dir='ltr'><strong><em>καὶ</em></strong></span> <span class='ocrx_word' id='word_1_78' title='bbox 1575 717 1623 761; x_wconf 88' lang='grc' dir='ltr'><strong><em>τὸ</em></strong></span> <span class='ocrx_word' id='word_1_79' title='bbox 1648 721 1800 761; x_wconf 82' lang='grc' dir='ltr'><strong><em>ἔλαιον</em></strong></span> 
     </span>
     <span class='ocr_line' id='line_1_10' title="bbox 381 785 1800 841; baseline 0 -13"><span class='ocrx_word' id='word_1_80' title='bbox 381 794 471 835; x_wconf 76' lang='grc' dir='ltr'><strong><em>τοῖς</em></strong></span> <span class='ocrx_word' id='word_1_81' title='bbox 508 786 591 841; x_wconf 78' lang='grc' dir='ltr'><strong><em>μὲν</em></strong></span> <span class='ocrx_word' id='word_1_82' title='bbox 631 794 789 841; x_wconf 81' lang='grc' dir='ltr'><strong><em>φυτοῖς</em></strong></span> <span class='ocrx_word' id='word_1_83' title='bbox 828 785 993 828; x_wconf 80' lang='grc' dir='ltr'><strong><em>ἅπασίν</em></strong></span> <span class='ocrx_word' id='word_1_84' title='bbox 1037 785 1131 828; x_wconf 82' lang='grc' dir='ltr'><strong><em>ἐστι</em></strong></span> <span class='ocrx_word' id='word_1_85' title='bbox 1169 785 1401 841; x_wconf 78' lang='grc' dir='ltr'><strong><em>πάγκακον</em></strong></span> <span class='ocrx_word' id='word_1_86' title='bbox 1441 787 1515 828; x_wconf 82' lang='grc' dir='ltr'><strong><em>καὶ</em></strong></span> <span class='ocrx_word' id='word_1_87' title='bbox 1553 794 1647 836; x_wconf 80' lang='grc' dir='ltr'><strong><em>ταῖς</em></strong></span> <span class='ocrx_word' id='word_1_88' title='bbox 1678 786 1800 841; x_wconf 80' lang='grc' dir='ltr'><strong><em>θριξὶ</em></strong></span> 
     </span>
     <span class='ocr_line' id='line_1_11' title="bbox 381 852 1847 909; baseline 0 -14"><span class='ocrx_word' id='word_1_89' title='bbox 381 854 716 909; x_wconf 73' lang='grc' dir='ltr'><strong><em>πολεμιώτατον</em></strong></span> <span class='ocrx_word' id='word_1_90' title='bbox 754 861 848 904; x_wconf 76' lang='grc' dir='ltr'><strong><em>ταῖς</em></strong></span> <span class='ocrx_word' id='word_1_91' title='bbox 877 857 968 896; x_wconf 76' lang='grc' dir='ltr'><strong><em>τῶν</em></strong></span> <span class='ocrx_word' id='word_1_92' title='bbox 999 853 1151 895; x_wconf 82' lang='grc' dir='ltr'><strong><em>ἄλλων</em></strong></span> <span class='ocrx_word' id='word_1_93' title='bbox 1181 854 1303 909; x_wconf 72' lang='grc' dir='ltr'><strong><em>ζῴων</em></strong></span> <span class='ocrx_word' id='word_1_94' title='bbox 1335 852 1452 909; x_wconf 80' lang='grc' dir='ltr'><strong><em>πλὴν</em></strong></span> <span class='ocrx_word' id='word_1_95' title='bbox 1483 860 1577 904; x_wconf 79' lang='grc' dir='ltr'><strong><em>ταῖς</em></strong></span> <span class='ocrx_word' id='word_1_96' title='bbox 1606 855 1687 895; x_wconf 82' lang='grc' dir='ltr'><strong><em>τοῦ</em></strong></span> <span class='ocrx_word' id='word_1_97' title='bbox 1717 852 1798 895; x_wconf 89' lang='grc' dir='ltr'><strong><em>ἀν-</em></strong></span> <span class='ocrx_word' id='word_1_98' title='bbox 1816 870 1847 895; x_wconf 91' lang='lat'><strong><em>10</em></strong></span> 
     </span>
     <span class='ocr_line' id='line_1_12' title="bbox 380 919 1800 977; baseline 0 -15"><span class='ocrx_word' id='word_1_99' title='bbox 380 921 591 975; x_wconf 80' lang='grc' dir='ltr'><strong><em>θρώπου,</em></strong></span> <span class='ocrx_word' id='word_1_100' title='bbox 631 928 726 970; x_wconf 84' lang='grc' dir='ltr'><strong><em>ταῖς</em></strong></span> <span class='ocrx_word' id='word_1_101' title='bbox 763 922 811 962; x_wconf 81' lang='grc' dir='ltr'><strong><em>δὲ</em></strong></span> <span class='ocrx_word' id='word_1_102' title='bbox 849 924 930 963; x_wconf 88' lang='grc' dir='ltr'><strong><em>τοῦ</em></strong></span> <span class='ocrx_word' id='word_1_103' title='bbox 971 921 1218 975; x_wconf 72' lang='grc' dir='ltr'><strong><em>ἀνθρώπου</em></strong></span> <span class='ocrx_word' id='word_1_104' title='bbox 1258 920 1436 977; x_wconf 75' lang='grc' dir='ltr'><strong><em>ἀρωγὸν</em></strong></span> <span class='ocrx_word' id='word_1_105' title='bbox 1475 922 1549 963; x_wconf 75' lang='grc' dir='ltr'><strong><em>καὶ</em></strong></span> <span class='ocrx_word' id='word_1_106' title='bbox 1587 924 1649 976; x_wconf 79' lang='grc' dir='ltr'><strong><em>τῷ</em></strong></span> <span class='ocrx_word' id='word_1_107' title='bbox 1681 919 1800 976; x_wconf 79' lang='grc' dir='ltr'><strong><em>ἄλλῳ</em></strong></span> 
     </span>
     <span class='ocr_line' id='line_1_13' title="bbox 383 986 1801 1042; baseline 0 -13"><span class='ocrx_word' id='word_1_108' title='bbox 383 986 563 1042; x_wconf 75' lang='grc' dir='ltr'><strong><em>στόματι.</em></strong></span> <span class='ocrx_word' id='word_1_109' title='bbox 624 986 740 1030; x_wconf 79' lang='grc' dir='ltr'><strong><em>οὕτω</em></strong></span> <span class='ocrx_word' id='word_1_110' title='bbox 774 989 822 1031; x_wconf 78' lang='grc' dir='ltr'><strong><em>δὲ</em></strong></span> <span class='ocrx_word' id='word_1_111' title='bbox 853 991 1063 1030; x_wconf 80' lang='grc' dir='ltr'><strong><em>ποικίλον</em></strong></span> <span class='ocrx_word' id='word_1_112' title='bbox 1094 990 1139 1030; x_wconf 86' lang='grc' dir='ltr'><strong><em>τί</em></strong></span> <span class='ocrx_word' id='word_1_113' title='bbox 1169 989 1262 1030; x_wconf 82' lang='grc' dir='ltr'><strong><em>ἐστι</em></strong></span> <span class='ocrx_word' id='word_1_114' title='bbox 1293 986 1342 1029; x_wconf 87' lang='grc' dir='ltr'><strong><em>τὸ</em></strong></span> <span class='ocrx_word' id='word_1_115' title='bbox 1373 986 1547 1040; x_wconf 83' lang='grc' dir='ltr'><strong><em>ἀγαθὸν</em></strong></span> <span class='ocrx_word' id='word_1_116' title='bbox 1579 988 1653 1030; x_wconf 79' lang='grc' dir='ltr'><strong><em>καὶ</em></strong></span> <span class='ocrx_word' id='word_1_117' title='bbox 1684 1002 1801 1029; x_wconf 89' lang='grc' dir='ltr'><strong><em>παν-</em></strong></span> 
     </span>
     <span class='ocr_line' id='line_1_14' title="bbox 336 1053 1801 1110; baseline 0.001 -15"><span class='ocrx_word' id='word_1_118' title='bbox 336 1067 362 1101; x_wconf 79' lang='lat' dir='ltr'>C</span> <span class='ocrx_word' id='word_1_119' title='bbox 381 1055 592 1109; x_wconf 86' lang='grc' dir='ltr'><strong><em>τοδαπόν,</em></strong></span> <span class='ocrx_word' id='word_1_120' title='bbox 625 1053 740 1096; x_wconf 71' lang='grc' dir='ltr'><strong><em>ὥστε</em></strong></span> <span class='ocrx_word' id='word_1_121' title='bbox 762 1053 836 1096; x_wconf 84' lang='grc' dir='ltr'><strong><em>καὶ</em></strong></span> <span class='ocrx_word' id='word_1_122' title='bbox 859 1054 1060 1097; x_wconf 84' lang='grc' dir='ltr'><strong><em>ἐνταῦθα</em></strong></span> <span class='ocrx_word' id='word_1_123' title='bbox 1081 1062 1172 1105; x_wconf 81' lang='grc' dir='ltr'><strong><em>τοῖς</em></strong></span> <span class='ocrx_word' id='word_1_124' title='bbox 1192 1056 1274 1110; x_wconf 78' lang='grc' dir='ltr'><strong><em>μὲν</em></strong></span> <span class='ocrx_word' id='word_1_125' title='bbox 1297 1054 1468 1105; x_wconf 81' lang='grc' dir='ltr'><strong><em>ἔξωθεν</em></strong></span> <span class='ocrx_word' id='word_1_126' title='bbox 1489 1054 1570 1096; x_wconf 83' lang='grc' dir='ltr'><strong><em>τοῦ</em></strong></span> <span class='ocrx_word' id='word_1_127' title='bbox 1599 1054 1801 1110; x_wconf 78' lang='grc' dir='ltr'><strong><em>σώματος</em></strong></span> 
     </span>
     <span class='ocr_line' id='line_1_15' title="bbox 381 1119 1799 1178; baseline 0 -15"><span class='ocrx_word' id='word_1_128' title='bbox 381 1120 556 1175; x_wconf 87' lang='grc' dir='ltr'><strong><em>ἀγαθόν</em></strong></span> <span class='ocrx_word' id='word_1_129' title='bbox 595 1121 688 1164; x_wconf 84' lang='grc' dir='ltr'><strong><em>ἐστι</em></strong></span> <span class='ocrx_word' id='word_1_130' title='bbox 726 1125 786 1177; x_wconf 74' lang='grc' dir='ltr'><strong><em>τςᾷ</em></strong></span> <span class='ocrx_word' id='word_1_131' title='bbox 825 1121 1077 1178; x_wconf 79' lang='grc' dir='ltr'><strong><em>ἀνθρώπῳ,</em></strong></span> <span class='ocrx_word' id='word_1_132' title='bbox 1120 1129 1211 1172; x_wconf 73' lang='grc' dir='ltr'><strong><em>τοῖς</em></strong></span> <span class='ocrx_word' id='word_1_133' title='bbox 1242 1122 1284 1163; x_wconf 82' lang='grc' dir='ltr'><strong><em>δ’</em></strong></span> <span class='ocrx_word' id='word_1_134' title='bbox 1318 1121 1442 1172; x_wconf 85' lang='grc' dir='ltr'><strong><em>ἐντὸς</em></strong></span> <span class='ocrx_word' id='word_1_135' title='bbox 1473 1119 1639 1164; x_wconf 82' lang='grc' dir='ltr'><strong><em>ταύτὸν</em></strong></span> <span class='ocrx_word' id='word_1_136' title='bbox 1669 1124 1799 1164; x_wconf 88' lang='grc' dir='ltr'><strong><em>τοῦτο</em></strong></span> 
     </span>
     <span class='ocr_line' id='line_1_16' title="bbox 382 1187 1852 1244; baseline 0 -14"><span class='ocrx_word' id='word_1_137' title='bbox 382 1191 615 1231; x_wconf 77' lang='grc' dir='ltr'><strong><em>κάκιστον·</em></strong></span> <span class='ocrx_word' id='word_1_138' title='bbox 649 1189 724 1231; x_wconf 81' lang='grc' dir='ltr'><strong><em>καὶ</em></strong></span> <span class='ocrx_word' id='word_1_139' title='bbox 755 1188 827 1230; x_wconf 84' lang='grc' dir='ltr'><strong><em>διά</em></strong></span> <span class='ocrx_word' id='word_1_140' title='bbox 860 1193 991 1231; x_wconf 81' lang='grc' dir='ltr'><strong><em>τοῦτο</em></strong></span> <span class='ocrx_word' id='word_1_141' title='bbox 1023 1190 1070 1231; x_wconf 80' lang='grc' dir='ltr'><strong><em>οἱ</em></strong></span> <span class='ocrx_word' id='word_1_142' title='bbox 1096 1190 1238 1244; x_wconf 90' lang='grc' dir='ltr'><strong><em>ιάτροι</em></strong></span> <span class='ocrx_word' id='word_1_143' title='bbox 1269 1189 1431 1239; x_wconf 77' lang='grc' dir='ltr'><strong><em>πάντες</em></strong></span> <span class='ocrx_word' id='word_1_144' title='bbox 1462 1187 1798 1243; x_wconf 79' lang='grc' dir='ltr'><strong><em>ἀπαγορεύουσι</em></strong></span> <span class='ocrx_word' id='word_1_145' title='bbox 1822 1204 1852 1229; x_wconf 80' lang='lat'><strong><em>15</em></strong></span> 
     </span>
     <span class='ocr_line' id='line_1_17' title="bbox 381 1253 1799 1325; baseline 0 -27"><span class='ocrx_word' id='word_1_146' title='bbox 381 1263 474 1307; x_wconf 79' lang='grc' dir='ltr'><strong><em>τοῖς</em></strong></span> <span class='ocrx_word' id='word_1_147' title='bbox 495 1255 741 1299; x_wconf 80' lang='grc' dir='ltr'><strong><em>ἀσθενοῦσι</em></strong></span> <span class='ocrx_word' id='word_1_148' title='bbox 771 1273 827 1311; x_wconf 85' lang='grc' dir='ltr'><strong><em>μη</em></strong></span> <span class='ocrx_word' id='word_1_149' title='bbox 860 1259 1056 1325; x_wconf 84' lang='grc' dir='ltr'><strong><em>χρῆσθαι</em></strong></span> <span class='ocrx_word' id='word_1_150' title='bbox 1089 1256 1237 1312; x_wconf 78' lang='grc' dir='ltr'><strong><em>ἐλαίῳ,</em></strong></span> <span class='ocrx_word' id='word_1_151' title='bbox 1270 1255 1370 1298; x_wconf 81' lang='grc' dir='ltr'><strong><em>ἀλλ’</em></strong></span> <span class='ocrx_word' id='word_1_152' title='bbox 1404 1253 1430 1311; x_wconf 80' lang='grc' dir='ltr'><strong><em>ἦ</em></strong></span> <span class='ocrx_word' id='word_1_153' title='bbox 1471 1255 1493 1298; x_wconf 83' lang='grc' dir='ltr'><em>ὅ</em></span> <span class='ocrx_word' id='word_1_154' title='bbox 1532 1272 1573 1298; x_wconf 89' lang='grc' dir='ltr'><strong><em>τι</em></strong></span> <span class='ocrx_word' id='word_1_155' title='bbox 1612 1267 1799 1310; x_wconf 83' lang='grc' dir='ltr'><strong><em>σμικρο-</em></strong></span> 
     </span>
     <span class='ocr_line' id='line_1_18' title="bbox 382 1319 1801 1380; baseline 0 -15"><span class='ocrx_word' id='word_1_156' title='bbox 382 1324 518 1380; x_wconf 76' lang='grc' dir='ltr'><strong><em>τάτῳ,</em></strong></span> <span class='ocrx_word' id='word_1_157' title='bbox 560 1324 610 1366; x_wconf 81' lang='grc' dir='ltr'><strong><em>ἐν</em></strong></span> <span class='ocrx_word' id='word_1_158' title='bbox 647 1324 820 1373; x_wconf 86' lang='grc' dir='ltr'><strong><em>τούτοις</em></strong></span> <span class='ocrx_word' id='word_1_159' title='bbox 860 1326 924 1374; x_wconf 86' lang='grc' dir='ltr'><strong><em>οἱς</em></strong></span> <span class='ocrx_word' id='word_1_160' title='bbox 960 1324 1111 1379; x_wconf 84' lang='grc' dir='ltr'><strong><em>μέλλει</em></strong></span> <span class='ocrx_word' id='word_1_161' title='bbox 1153 1326 1358 1377; x_wconf 82' lang='grc' dir='ltr'><strong><em>ἔδεσθαι,</em></strong></span> <span class='ocrx_word' id='word_1_162' title='bbox 1400 1322 1509 1365; x_wconf 83' lang='grc' dir='ltr'><strong><em>ὅσον</em></strong></span> <span class='ocrx_word' id='word_1_163' title='bbox 1545 1324 1688 1377; x_wconf 85' lang='grc' dir='ltr'><strong><em>μόνον</em></strong></span> <span class='ocrx_word' id='word_1_164' title='bbox 1718 1319 1801 1378; x_wconf 86' lang='grc' dir='ltr'><strong><em>τὴν</em></strong></span> 
     </span>
    </p>
   </div>
   <div class='ocr_carea' id='block_1_3' title="bbox 383 1466 1793 1560">
    <p class='ocr_par' dir='ltr' id='par_1_3' title="bbox 383 1466 1793 1560">
     <span class='ocr_line' id='line_1_19' title="bbox 496 1466 1793 1513; baseline -0.001 -8"><span class='ocrx_word' id='word_1_165' title='bbox 496 1475 526 1508; x_wconf 86' lang='grc'><strong><em>7.</em></strong></span> <span class='ocrx_word' id='word_1_166' title='bbox 559 1467 598 1505; x_wconf 78' lang='grc' dir='ltr'><strong><em>δ’</em></strong></span> <span class='ocrx_word' id='word_1_167' title='bbox 632 1468 822 1511; x_wconf 79' lang='grc' dir='ltr'><strong><em>ἐθέλοις</em></strong></span> <span class='ocrx_word' id='word_1_168' title='bbox 847 1469 894 1504; x_wconf 89' lang='lat' dir='ltr'><strong><em>B:</em></strong></span> <span class='ocrx_word' id='word_1_169' title='bbox 930 1469 972 1505; x_wconf 80' lang='grc' dir='ltr'><strong><em>ὸὲ</em></strong></span> <span class='ocrx_word' id='word_1_170' title='bbox 998 1468 1132 1510; x_wconf 84' lang='grc' dir='ltr'><strong><em>θέλοις</em></strong></span> <span class='ocrx_word' id='word_1_171' title='bbox 1158 1470 1200 1510; x_wconf 88' lang='grc' dir='ltr'><strong><em>Τ,</em></strong></span> <span class='ocrx_word' id='word_1_172' title='bbox 1227 1470 1372 1512; x_wconf 84' lang='lat' dir='ltr'>aliquot</span> <span class='ocrx_word' id='word_1_173' title='bbox 1397 1469 1617 1513; x_wconf 82' lang='lat' dir='ltr'>apographa</span> <span class='ocrx_word' id='word_1_174' title='bbox 1642 1466 1678 1503; x_wconf 82' lang='grc' dir='ltr'><strong><em>δ’</em></strong></span> <span class='ocrx_word' id='word_1_175' title='bbox 1707 1467 1793 1504; x_wconf 81' lang='grc' dir='ltr'><strong><em>ἐθέ-</em></strong></span> 
     </span>
     <span class='ocr_line' id='line_1_20' title="bbox 383 1515 977 1560; baseline -0.005 -9"><span class='ocrx_word' id='word_1_176' title='bbox 383 1518 472 1560; x_wconf 84' lang='grc' dir='ltr'><strong><em>λεις,</em></strong></span> <span class='ocrx_word' id='word_1_177' title='bbox 501 1515 601 1559; x_wconf 86' lang='lat' dir='ltr'>quod</span> <span class='ocrx_word' id='word_1_178' title='bbox 626 1516 763 1560; x_wconf 82' lang='lat' dir='ltr'>probat</span> <span class='ocrx_word' id='word_1_179' title='bbox 787 1515 977 1550; x_wconf 86' lang='lat' dir='ltr'>Heindorf.</span> 
     </span>
    </p>
   </div>
   <div class='ocr_carea' id='block_1_4' title="bbox 382 1647 1059 1910">
    <p class='ocr_par' dir='ltr' id='par_1_4' title="bbox 382 1647 1059 1910">
     <span class='ocr_line' id='line_1_21' title="bbox 384 1647 1057 1706; baseline -0.003 -21"><span class='ocrx_word' id='word_1_180' title='bbox 384 1651 482 1706; x_wconf 78' lang='grc' dir='ltr'><strong><em>φελῆ</em></strong></span> <span class='ocrx_word' id='word_1_181' title='bbox 531 1647 609 1684; x_wconf 81' lang='grc' dir='ltr'><strong><em>ἐστι</em></strong></span> <span class='ocrx_word' id='word_1_182' title='bbox 656 1650 769 1684; x_wconf 80' lang='lat' dir='ltr'>tacite</span> <span class='ocrx_word' id='word_1_183' title='bbox 819 1650 1057 1706; x_wconf 82' lang='lat' dir='ltr'>opponuntur</span> 
     </span>
     <span class='ocr_line' id='line_1_22' title="bbox 385 1693 1057 1740; baseline -0.001 -10"><span class='ocrx_word' id='word_1_184' title='bbox 385 1693 521 1740; x_wconf 79' lang='grc' dir='ltr'><strong><em>ἀγαθὰ</em></strong></span> <span class='ocrx_word' id='word_1_185' title='bbox 546 1693 689 1739; x_wconf 83' lang='grc' dir='ltr'><strong><em>μέντοι.</em></strong></span> <span class='ocrx_word' id='word_1_186' title='bbox 737 1695 826 1732; x_wconf 80' lang='lat' dir='ltr'><strong><em>Voo</em></strong></span> <span class='ocrx_word' id='word_1_187' title='bbox 861 1694 1057 1738; x_wconf 83' lang='grc' dir='ltr'><strong><em>ἀνωφελές</em></strong></span> 
     </span>
     <span class='ocr_line' id='line_1_23' title="bbox 382 1739 1059 1782; baseline -0.001 -8"><span class='ocrx_word' id='word_1_188' title='bbox 382 1741 443 1774; x_wconf 83' lang='lat' dir='ltr'><strong><em>hio</em></strong></span> <span class='ocrx_word' id='word_1_189' title='bbox 468 1741 506 1774; x_wconf 84' lang='lat' dir='ltr'><strong><em>et</em></strong></span> <span class='ocrx_word' id='word_1_190' title='bbox 529 1740 567 1774; x_wconf 92' lang='lat' dir='ltr'><strong><em>in</em></strong></span> <span class='ocrx_word' id='word_1_191' title='bbox 592 1750 693 1782; x_wconf 83' lang='lat' dir='ltr'>seqq.</span> <span class='ocrx_word' id='word_1_192' title='bbox 712 1742 768 1774; x_wconf 81' lang='lat' dir='ltr'><strong><em>est</em></strong></span> <span class='ocrx_word' id='word_1_193' title='bbox 794 1739 1059 1781; x_wconf 50' lang='grc' dir='ltr'>(11011111111Ἆ1113</span> 
     </span>
     <span class='ocr_line' id='line_1_24' title="bbox 383 1783 1058 1829; baseline -0.003 -9"><span class='ocrx_word' id='word_1_194' title='bbox 383 1785 552 1829; x_wconf 83' lang='lat' dir='ltr'>Xenoph.</span> <span class='ocrx_word' id='word_1_195' title='bbox 586 1783 729 1818; x_wconf 82' lang='lat' dir='ltr'>Hellen.</span> <span class='ocrx_word' id='word_1_196' title='bbox 756 1784 827 1826; x_wconf 82' lang='lat'><strong><em>17,</em></strong></span> <span class='ocrx_word' id='word_1_197' title='bbox 854 1788 907 1821; x_wconf 79' lang='lat'><strong><em>28</em></strong></span> <span class='ocrx_word' id='word_1_198' title='bbox 948 1784 1058 1819; x_wconf 82' lang='lat' dir='ltr'><strong><em>Mem.</em></strong></span> 
     </span>
     <span class='ocr_line' id='line_1_25' title="bbox 386 1829 1058 1873; baseline -0.001 -9"><span class='ocrx_word' id='word_1_199' title='bbox 386 1830 421 1864; x_wconf 83' lang='grc' dir='ltr'><strong><em>ΙΙ</em></strong></span> <span class='ocrx_word' id='word_1_200' title='bbox 446 1834 479 1873; x_wconf 83' lang='grc'><strong><em>6,</em></strong></span> <span class='ocrx_word' id='word_1_201' title='bbox 504 1834 535 1864; x_wconf 80' lang='lat'><strong><em>4.</em></strong></span> <span class='ocrx_word' id='word_1_202' title='bbox 585 1829 727 1864; x_wconf 86' lang='lat' dir='ltr'>Eodem</span> <span class='ocrx_word' id='word_1_203' title='bbox 768 1829 879 1864; x_wconf 84' lang='grc' dir='ltr'>111οὰ0</span> <span class='ocrx_word' id='word_1_204' title='bbox 921 1829 1058 1863; x_wconf 84' lang='lat' dir='ltr'>dicitur</span> 
     </span>
     <span class='ocr_line' id='line_1_26' title="bbox 383 1874 659 1910; baseline -0.004 -1"><span class='ocrx_word' id='word_1_205' title='bbox 383 1875 448 1910; x_wconf 76' lang='lat' dir='ltr'><strong><em>lat.</em></strong></span> <span class='ocrx_word' id='word_1_206' title='bbox 473 1874 659 1909; x_wconf 83' lang='lat' dir='ltr'>inutile.</span> 
     </span>
    </p>
   </div>
   <div class='ocr_carea' id='block_1_5' title="bbox 385 1940 1060 2120">
    <p class='ocr_par' dir='ltr' id='par_1_5' title="bbox 385 1940 1060 2120">
     <span class='ocr_line' id='line_1_27' title="bbox 431 1940 1060 1986; baseline -0.003 -10"><span class='ocrx_word' id='word_1_207' title='bbox 431 1946 461 1977; x_wconf 92' lang='lat'><strong><em>1.</em></strong></span> <span class='ocrx_word' id='word_1_208' title='bbox 494 1941 546 1976; x_wconf 84' lang='grc' dir='ltr'><strong><em>τὰ</em></strong></span> <span class='ocrx_word' id='word_1_209' title='bbox 574 1940 624 1976; x_wconf 85' lang='grc' dir='ltr'><strong><em>δέ</em></strong></span> <span class='ocrx_word' id='word_1_210' title='bbox 651 1954 698 1985; x_wconf 87' lang='grc' dir='ltr'><strong><em>γε</em></strong></span> <span class='ocrx_word' id='word_1_211' title='bbox 723 1940 955 1986; x_wconf 82' lang='grc' dir='ltr'><strong><em>ωφέλιμα]</em></strong></span> <span class='ocrx_word' id='word_1_212' title='bbox 985 1940 1060 1975; x_wconf 78' lang='lat' dir='ltr'>alia</span> 
     </span>
     <span class='ocr_line' id='line_1_28' title="bbox 387 1985 1060 2029; baseline -0.003 -8"><span class='ocrx_word' id='word_1_213' title='bbox 387 1987 513 2029; x_wconf 85' lang='lat' dir='ltr'>(bona)</span> <span class='ocrx_word' id='word_1_214' title='bbox 551 1996 639 2020; x_wconf 84' lang='lat' dir='ltr'>sane</span> <span class='ocrx_word' id='word_1_215' title='bbox 672 2006 713 2010; x_wconf 92' lang='lat'>—</span> <span class='ocrx_word' id='word_1_216' title='bbox 748 1988 787 2020; x_wconf 86' lang='lat' dir='ltr'><strong><em>ut</em></strong></span> <span class='ocrx_word' id='word_1_217' title='bbox 820 1987 862 2020; x_wconf 92' lang='lat' dir='ltr'><strong><em>tu</em></strong></span> <span class='ocrx_word' id='word_1_218' title='bbox 899 1985 990 2019; x_wconf 80' lang='lat' dir='ltr'>dicis</span> <span class='ocrx_word' id='word_1_219' title='bbox 1017 2006 1060 2010; x_wconf 97' lang='lat'><strong>—</strong></span> 
     </span>
     <span class='ocr_line' id='line_1_29' title="bbox 386 2029 1060 2065; baseline 0 0"><span class='ocrx_word' id='word_1_220' title='bbox 386 2031 503 2065; x_wconf 77' lang='lat' dir='ltr'>utilia.</span> <span class='ocrx_word' id='word_1_221' title='bbox 547 2029 675 2065; x_wconf 86' lang='lat' dir='ltr'>Oratio</span> <span class='ocrx_word' id='word_1_222' title='bbox 702 2030 871 2065; x_wconf 78' lang='lat' dir='ltr'>similiter</span> <span class='ocrx_word' id='word_1_223' title='bbox 896 2030 1060 2065; x_wconf 82' lang='lat' dir='ltr'>formata</span> 
     </span>
     <span class='ocr_line' id='line_1_30' title="bbox 385 2075 933 2120; baseline 0.004 -10"><span class='ocrx_word' id='word_1_224' title='bbox 385 2087 421 2119; x_wconf 85' lang='lat' dir='ltr'><strong><em>p.</em></strong></span> <span class='ocrx_word' id='word_1_225' title='bbox 447 2080 512 2111; x_wconf 80' lang='lat'><strong><em>320</em></strong></span> <span class='ocrx_word' id='word_1_226' title='bbox 538 2075 579 2118; x_wconf 92' lang='lat' dir='ltr'><strong><em>B,</em></strong></span> <span class='ocrx_word' id='word_1_227' title='bbox 607 2086 641 2111; x_wconf 83' lang='lat' dir='ltr'><strong><em>v,</em></strong></span> <span class='ocrx_word' id='word_1_228' title='bbox 668 2075 712 2109; x_wconf 81' lang='lat' dir='ltr'><strong><em>ad</em></strong></span> <span class='ocrx_word' id='word_1_229' title='bbox 739 2087 774 2120; x_wconf 89' lang='lat' dir='ltr'><strong><em>p.</em></strong></span> <span class='ocrx_word' id='word_1_230' title='bbox 800 2079 866 2110; x_wconf 86' lang='lat'><strong><em>330</em></strong></span> <span class='ocrx_word' id='word_1_231' title='bbox 891 2075 933 2112; x_wconf 89' lang='lat' dir='ltr'><strong><em>A.</em></strong></span> 
     </span>
    </p>
   </div>
   <div class='ocr_carea' id='block_1_6' title="bbox 388 2139 1060 2411">
    <p class='ocr_par' dir='ltr' id='par_1_6' title="bbox 388 2139 1059 2277">
     <span class='ocr_line' id='line_1_31' title="bbox 431 2139 1058 2198; baseline 0.003 -22"><span class='ocrx_word' id='word_1_232' title='bbox 431 2146 463 2177; x_wconf 76' lang='lat'><strong><em>2.</em></strong></span> <span class='ocrx_word' id='word_1_233' title='bbox 498 2139 768 2184; x_wconf 78' lang='grc' dir='ltr'><strong><em>ἀνθρώποις</em></strong></span> <span class='ocrx_word' id='word_1_234' title='bbox 804 2142 899 2198; x_wconf 77' lang='grc' dir='ltr'><strong><em>μὲν</em></strong></span> <span class='ocrx_word' id='word_1_235' title='bbox 924 2140 1058 2178; x_wconf 80' lang='grc' dir='ltr'><strong><em>οὐδέ-</em></strong></span> 
     </span>
     <span class='ocr_line' id='line_1_32' title="bbox 388 2186 1058 2241; baseline -0.001 -19"><span class='ocrx_word' id='word_1_236' title='bbox 388 2188 506 2240; x_wconf 82' lang='grc' dir='ltr'><strong><em>τερα]</em></strong></span> <span class='ocrx_word' id='word_1_237' title='bbox 535 2186 636 2222; x_wconf 87' lang='lat' dir='ltr'>Conf.</span> <span class='ocrx_word' id='word_1_238' title='bbox 664 2199 699 2231; x_wconf 89' lang='lat' dir='ltr'><strong><em>p.</em></strong></span> <span class='ocrx_word' id='word_1_239' title='bbox 724 2191 789 2241; x_wconf 56' lang='lat'>‚351</span> <span class='ocrx_word' id='word_1_240' title='bbox 810 2187 857 2221; x_wconf 91' lang='lat' dir='ltr'><strong><em>D:</em></strong></span> <span class='ocrx_word' id='word_1_241' title='bbox 886 2186 963 2222; x_wconf 72' lang='grc' dir='ltr'><strong><em>ἔστι·</em></strong></span> <span class='ocrx_word' id='word_1_242' title='bbox 988 2201 1058 2240; x_wconf 83' lang='grc' dir='ltr'><strong><em>μεν</em></strong></span> 
     </span>
     <span class='ocr_line' id='line_1_33' title="bbox 388 2228 1059 2277; baseline 0.001 -11"><span class='ocrx_word' id='word_1_243' title='bbox 388 2246 411 2266; x_wconf 88' lang='grc' dir='ltr'><strong><em>α</em></strong></span> <span class='ocrx_word' id='word_1_244' title='bbox 439 2233 512 2267; x_wconf 83' lang='grc' dir='ltr'><strong><em>τῶν</em></strong></span> <span class='ocrx_word' id='word_1_245' title='bbox 540 2231 665 2284; x_wconf 83' lang='grc' dir='ltr'><strong><em>ἡδέων</em></strong></span> <span class='ocrx_word' id='word_1_246' title='bbox 691 2228 761 2267; x_wconf 76' lang='grc' dir='ltr'><strong><em>οὐκ</em></strong></span> <span class='ocrx_word' id='word_1_247' title='bbox 788 2231 889 2267; x_wconf 75' lang='grc' dir='ltr'><strong><em>ἔστιν</em></strong></span> <span class='ocrx_word' id='word_1_248' title='bbox 924 2229 1059 2277; x_wconf 76' lang='grc' dir='ltr'><strong><em>ἀγαθοὶ</em></strong></span> 
     </span>
    </p>

    <p class='ocr_par' dir='ltr' id='par_1_7' title="bbox 389 2271 1060 2411">
     <span class='ocr_line' id='line_1_34' title="bbox 424 2271 1060 2332; baseline 0 -21"><span class='ocrx_word' id='word_1_249' title='bbox 424 2304 431 2311; x_wconf 95' lang='grc'><strong>.</strong></span> <span class='ocrx_word' id='word_1_250' title='bbox 460 2276 537 2312; x_wconf 78' lang='grc' dir='ltr'><strong><em>ἐστι</em></strong></span> <span class='ocrx_word' id='word_1_251' title='bbox 570 2275 610 2311; x_wconf 83' lang='grc' dir='ltr'><strong><em>δ’</em></strong></span> <span class='ocrx_word' id='word_1_252' title='bbox 643 2271 666 2311; x_wconf 80' lang='grc' dir='ltr'><strong><em>ἀ</em></strong></span> <span class='ocrx_word' id='word_1_253' title='bbox 700 2276 796 2332; x_wconf 80' lang='grc' dir='ltr'><strong><em>ἔστι,</em></strong></span> <span class='ocrx_word' id='word_1_254' title='bbox 835 2290 901 2311; x_wconf 77' lang='grc' dir='ltr'><strong><em>και</em></strong></span> <span class='ocrx_word' id='word_1_255' title='bbox 933 2278 1060 2331; x_wconf 83' lang='grc' dir='ltr'><strong><em>τρίτον</em></strong></span> 
     </span>
     <span class='ocr_line' id='line_1_35' title="bbox 389 2316 1042 2374; baseline 0.003 -19"><span class='ocrx_word' id='word_1_256' title='bbox 389 2316 412 2355; x_wconf 79' lang='grc' dir='ltr'><strong><em>ἀ</em></strong></span> <span class='ocrx_word' id='word_1_257' title='bbox 457 2320 662 2374; x_wconf 77' lang='grc' dir='ltr'><strong><em>οὐδέτερα,</em></strong></span> <span class='ocrx_word' id='word_1_258' title='bbox 703 2319 791 2357; x_wconf 81' lang='grc' dir='ltr'><strong><em>οὕτε</em></strong></span> <span class='ocrx_word' id='word_1_259' title='bbox 831 2335 930 2356; x_wconf 73' lang='lat' dir='ltr'><strong><em>nocua</em></strong></span> <span class='ocrx_word' id='word_1_260' title='bbox 975 2318 1042 2357; x_wconf 69' lang='grc' dir='ltr'><strong><em>οὔτ</em></strong></span> 
     </span>
     <span class='ocr_line' id='line_1_36' title="bbox 389 2363 535 2411; baseline 0.007 -11"><span class='ocrx_word' id='word_1_261' title='bbox 389 2363 535 2411; x_wconf 74' lang='grc' dir='ltr'><strong><em>αγαθοὲ.</em></strong></span> 
     </span>
    </p>
   </div>
   <div class='ocr_carea' id='block_1_7' title="bbox 389 2418 1063 2882">
    <p class='ocr_par' dir='ltr' id='par_1_8' title="bbox 389 2418 1063 2646">
     <span class='ocr_line' id='line_1_37' title="bbox 434 2418 1061 2468; baseline 0.002 -11"><span class='ocrx_word' id='word_1_262' title='bbox 434 2423 594 2463; x_wconf 80' lang='grc' dir='ltr'><strong><em>ι’πποις</em></strong></span> <span class='ocrx_word' id='word_1_263' title='bbox 628 2423 692 2468; x_wconf 84' lang='grc' dir='ltr'><strong><em>δέ]</em></strong></span> <span class='ocrx_word' id='word_1_264' title='bbox 719 2422 784 2458; x_wconf 75' lang='lat' dir='ltr'><strong><em>int.</em></strong></span> <span class='ocrx_word' id='word_1_265' title='bbox 812 2418 957 2466; x_wconf 80' lang='grc' dir='ltr'><strong><em>ἀγαθοὶ,</em></strong></span> <span class='ocrx_word' id='word_1_266' title='bbox 990 2423 1061 2458; x_wconf 80' lang='lat' dir='ltr'><strong><em>Ea-</em></strong></span> 
     </span>
     <span class='ocr_line' id='line_1_38' title="bbox 390 2467 1059 2510; baseline 0.001 -9"><span class='ocrx_word' id='word_1_267' title='bbox 390 2467 475 2502; x_wconf 87' lang='lat' dir='ltr'><strong><em>dem</em></strong></span> <span class='ocrx_word' id='word_1_268' title='bbox 506 2468 562 2502; x_wconf 82' lang='lat' dir='ltr'><strong><em>est</em></strong></span> <span class='ocrx_word' id='word_1_269' title='bbox 592 2467 687 2502; x_wconf 82' lang='lat' dir='ltr'>ratio</span> <span class='ocrx_word' id='word_1_270' title='bbox 725 2468 959 2510; x_wconf 80' lang='lat' dir='ltr'>sequentium</span> <span class='ocrx_word' id='word_1_271' title='bbox 999 2468 1059 2502; x_wconf 89' lang='lat' dir='ltr'><strong><em>da-</em></strong></span> 
     </span>
     <span class='ocr_line' id='line_1_39' title="bbox 389 2512 1059 2556; baseline 0.001 -10"><span class='ocrx_word' id='word_1_272' title='bbox 389 2513 560 2555; x_wconf 83' lang='lat' dir='ltr'>tivorum,</span> <span class='ocrx_word' id='word_1_273' title='bbox 586 2512 687 2555; x_wconf 82' lang='lat' dir='ltr'>quod</span> <span class='ocrx_word' id='word_1_274' title='bbox 711 2512 796 2546; x_wconf 83' lang='lat' dir='ltr'>inde</span> <span class='ocrx_word' id='word_1_275' title='bbox 823 2512 907 2546; x_wconf 86' lang='lat' dir='ltr'>sciri</span> <span class='ocrx_word' id='word_1_276' title='bbox 924 2513 1059 2556; x_wconf 81' lang='lat' dir='ltr'>potest,</span> 
     </span>
     <span class='ocr_line' id='line_1_40' title="bbox 390 2556 1063 2612; baseline 0 -21"><span class='ocrx_word' id='word_1_277' title='bbox 390 2557 479 2612; x_wconf 69' lang='lat' dir='ltr'>quia</span> <span class='ocrx_word' id='word_1_278' title='bbox 509 2557 642 2591; x_wconf 79' lang='lat' dir='ltr'>ultimo</span> <span class='ocrx_word' id='word_1_279' title='bbox 676 2559 776 2600; x_wconf 80' lang='grc' dir='ltr'><strong><em>(ταῖς</em></strong></span> <span class='ocrx_word' id='word_1_280' title='bbox 810 2556 945 2600; x_wconf 71' lang='grc' dir='ltr'><strong><em>ῥίζαις)</em></strong></span> <span class='ocrx_word' id='word_1_281' title='bbox 984 2568 1063 2592; x_wconf 83' lang='lat' dir='ltr'>voc.</span> 
     </span>
     <span class='ocr_line' id='line_1_41' title="bbox 390 2600 828 2646; baseline -0.002 -10"><span class='ocrx_word' id='word_1_282' title='bbox 390 2600 525 2646; x_wconf 75' lang='grc' dir='ltr'><strong><em>αγαθοξ</em></strong></span> <span class='ocrx_word' id='word_1_283' title='bbox 549 2602 736 2637; x_wconf 84' lang='lat' dir='ltr'>adiectum</span> <span class='ocrx_word' id='word_1_284' title='bbox 762 2602 828 2636; x_wconf 82' lang='lat' dir='ltr'>est.</span> 
     </span>
    </p>

    <p class='ocr_par' dir='ltr' id='par_1_9' title="bbox 390 2655 1063 2882">
     <span class='ocr_line' id='line_1_42' title="bbox 434 2655 1061 2702; baseline 0.002 -10"><span class='ocrx_word' id='word_1_285' title='bbox 434 2661 468 2693; x_wconf 86' lang='lat'><strong><em>8.</em></strong></span> <span class='ocrx_word' id='word_1_286' title='bbox 495 2655 542 2692; x_wconf 87' lang='grc' dir='ltr'><strong><em>τὸ</em></strong></span> <span class='ocrx_word' id='word_1_287' title='bbox 570 2656 897 2698; x_wconf 77' lang='grc' dir='ltr'><strong><em>ἔλαιον-ταῖς</em></strong></span> <span class='ocrx_word' id='word_1_288' title='bbox 925 2659 1061 2702; x_wconf 81' lang='grc' dir='ltr'><strong><em>θριξὶ</em></strong></span> 
     </span>
     <span class='ocr_line' id='line_1_43' title="bbox 390 2702 1063 2747; baseline 0.001 -11"><span class='ocrx_word' id='word_1_289' title='bbox 390 2702 757 2747; x_wconf 73' lang='grc' dir='ltr'><strong><em>πολεμιώτατον]</em></strong></span> <span class='ocrx_word' id='word_1_290' title='bbox 810 2702 970 2737; x_wconf 88' lang='lat' dir='ltr'>Consilio</span> <span class='ocrx_word' id='word_1_291' title='bbox 1025 2704 1063 2737; x_wconf 87' lang='lat' dir='ltr'><strong><em>et</em></strong></span> 
     </span>
     <span class='ocr_line' id='line_1_44' title="bbox 390 2747 1061 2791; baseline 0 -9"><span class='ocrx_word' id='word_1_292' title='bbox 390 2748 469 2782; x_wconf 85' lang='lat' dir='ltr'>arte</span> <span class='ocrx_word' id='word_1_293' title='bbox 501 2747 722 2791; x_wconf 75' lang='lat' dir='ltr'>Protagoras</span> <span class='ocrx_word' id='word_1_294' title='bbox 752 2747 868 2781; x_wconf 83' lang='lat' dir='ltr'>verba</span> <span class='ocrx_word' id='word_1_295' title='bbox 904 2748 1061 2782; x_wconf 79' lang='lat' dir='ltr'>colloca-</span> 
     </span>
     <span class='ocr_line' id='line_1_45' title="bbox 391 2793 1061 2836; baseline 0.001 -10"><span class='ocrx_word' id='word_1_296' title='bbox 391 2793 459 2834; x_wconf 78' lang='lat' dir='ltr'>vit,</span> <span class='ocrx_word' id='word_1_297' title='bbox 491 2793 533 2826; x_wconf 81' lang='lat' dir='ltr'><strong><em>ut</em></strong></span> <span class='ocrx_word' id='word_1_298' title='bbox 557 2793 788 2827; x_wconf 77' lang='lat' dir='ltr'>audientium</span> <span class='ocrx_word' id='word_1_299' title='bbox 813 2793 1061 2836; x_wconf 79' lang='lat' dir='ltr'>exspectatio-</span> 
     </span>
     <span class='ocr_line' id='line_1_46' title="bbox 392 2837 1061 2882; baseline 0.001 -12"><span class='ocrx_word' id='word_1_300' title='bbox 392 2847 475 2871; x_wconf 83' lang='lat' dir='ltr'><strong><em>nem</em></strong></span> <span class='ocrx_word' id='word_1_301' title='bbox 515 2838 700 2880; x_wconf 72' lang='lat' dir='ltr'>moveret,</span> <span class='ocrx_word' id='word_1_302' title='bbox 743 2837 881 2882; x_wconf 81' lang='lat' dir='ltr'>quippe</span> <span class='ocrx_word' id='word_1_303' title='bbox 922 2837 985 2881; x_wconf 85' lang='lat' dir='ltr'><strong><em>qui</em></strong></span> <span class='ocrx_word' id='word_1_304' title='bbox 1025 2837 1061 2871; x_wconf 91' lang='lat' dir='ltr'><strong><em>in</em></strong></span> 
     </span>
    </p>
   </div>
   <div class='ocr_carea' id='block_1_8' title="bbox 1126 1648 1803 1968">
    <p class='ocr_par' dir='ltr' id='par_1_10' title="bbox 1126 1648 1803 1962">
     <span class='ocr_line' id='line_1_47' title="bbox 1126 1648 1803 1692; baseline 0.001 -10"><span class='ocrx_word' id='word_1_305' title='bbox 1126 1648 1275 1683; x_wconf 78' lang='lat' dir='ltr'>homine</span> <span class='ocrx_word' id='word_1_306' title='bbox 1307 1659 1379 1683; x_wconf 91' lang='lat' dir='ltr'><strong><em>uno</em></strong></span> <span class='ocrx_word' id='word_1_307' title='bbox 1413 1648 1484 1683; x_wconf 84' lang='lat' dir='ltr'>olei</span> <span class='ocrx_word' id='word_1_308' title='bbox 1521 1659 1627 1682; x_wconf 77' lang='lat' dir='ltr'>unum</span> <span class='ocrx_word' id='word_1_309' title='bbox 1665 1658 1803 1692; x_wconf 85' lang='lat' dir='ltr'>cogno-</span> 
     </span>
     <span class='ocr_line' id='line_1_48' title="bbox 1127 1692 1800 1737; baseline 0.001 -10"><span class='ocrx_word' id='word_1_310' title='bbox 1127 1694 1269 1728; x_wconf 84' lang='lat' dir='ltr'>vissent</span> <span class='ocrx_word' id='word_1_311' title='bbox 1304 1694 1455 1737; x_wconf 80' lang='lat' dir='ltr'>eiusque</span> <span class='ocrx_word' id='word_1_312' title='bbox 1493 1692 1568 1727; x_wconf 90' lang='lat' dir='ltr'><strong><em>vim</em></strong></span> <span class='ocrx_word' id='word_1_313' title='bbox 1598 1692 1636 1726; x_wconf 89' lang='lat' dir='ltr'><strong><em>in</em></strong></span> <span class='ocrx_word' id='word_1_314' title='bbox 1668 1693 1800 1728; x_wconf 74' lang='lat' dir='ltr'>ceteris</span> 
     </span>
     <span class='ocr_line' id='line_1_49' title="bbox 1128 1737 1800 1773; baseline 0.002 -1"><span class='ocrx_word' id='word_1_315' title='bbox 1128 1737 1378 1773; x_wconf 81' lang='lat' dir='ltr'>animantibus</span> <span class='ocrx_word' id='word_1_316' title='bbox 1396 1738 1621 1772; x_wconf 70' lang='lat' dir='ltr'>contrariam</span> <span class='ocrx_word' id='word_1_317' title='bbox 1638 1748 1716 1773; x_wconf 87' lang='lat' dir='ltr'>esse</span> <span class='ocrx_word' id='word_1_318' title='bbox 1742 1748 1800 1773; x_wconf 81' lang='lat' dir='ltr'><strong><em>so·</em></strong></span> 
     </span>
     <span class='ocr_line' id='line_1_50' title="bbox 1126 1782 1801 1828; baseline 0.003 -11"><span class='ocrx_word' id='word_1_319' title='bbox 1126 1783 1273 1828; x_wconf 81' lang='lat' dir='ltr'>phistae</span> <span class='ocrx_word' id='word_1_320' title='bbox 1299 1792 1367 1826; x_wconf 83' lang='lat' dir='ltr'><strong><em>pro</em></strong></span> <span class='ocrx_word' id='word_1_321' title='bbox 1386 1784 1487 1818; x_wconf 81' lang='lat' dir='ltr'>certo</span> <span class='ocrx_word' id='word_1_322' title='bbox 1506 1782 1707 1817; x_wconf 84' lang='lat' dir='ltr'>affirmanti</span> <span class='ocrx_word' id='word_1_323' title='bbox 1724 1793 1801 1819; x_wconf 85' lang='lat' dir='ltr'><strong>cre·</strong></span> 
     </span>
     <span class='ocr_line' id='line_1_51' title="bbox 1128 1827 1801 1878; baseline 0 -16"><span class='ocrx_word' id='word_1_324' title='bbox 1128 1828 1541 1878; x_wconf 60' lang='grc' dir='ltr'>ἀοτοηὺ,ᾳ113,111ᾳ113,111</span> <span class='ocrx_word' id='word_1_325' title='bbox 1570 1827 1646 1862; x_wconf 83' lang='lat' dir='ltr'><strong><em>iam</em></strong></span> <span class='ocrx_word' id='word_1_326' title='bbox 1670 1828 1801 1863; x_wconf 78' lang='lat' dir='ltr'>Patro-</span> 
     </span>
     <span class='ocr_line' id='line_1_52' title="bbox 1129 1870 1801 1927; baseline 0.003 -21"><span class='ocrx_word' id='word_1_327' title='bbox 1129 1873 1206 1907; x_wconf 80' lang='lat' dir='ltr'>clus</span> <span class='ocrx_word' id='word_1_328' title='bbox 1223 1872 1438 1907; x_wconf 81' lang='lat' dir='ltr'><strong>Homericus</strong></span> <span class='ocrx_word' id='word_1_329' title='bbox 1456 1872 1560 1927; x_wconf 82' lang='lat' dir='ltr'>equis</span> <span class='ocrx_word' id='word_1_330' title='bbox 1585 1870 1689 1916; x_wconf 76' lang='grc' dir='ltr'><strong><em>μάλα</em></strong></span> <span class='ocrx_word' id='word_1_331' title='bbox 1712 1875 1801 1908; x_wconf 85' lang='grc' dir='ltr'><strong><em>πολ·</em></strong></span> 
     </span>
     <span class='ocr_line' id='line_1_53' title="bbox 1131 1915 1802 1968; baseline 0 -16"><span class='ocrx_word' id='word_1_332' title='bbox 1131 1915 1240 1957; x_wconf 79' lang='grc' dir='ltr'><strong><em>λα’κις</em></strong></span> <span class='ocrx_word' id='word_1_333' title='bbox 1287 1915 1406 1962; x_wconf 83' lang='grc' dir='ltr'><strong><em>ὑγρὸν</em></strong></span> <span class='ocrx_word' id='word_1_334' title='bbox 1458 1915 1586 1951; x_wconf 73' lang='grc' dir='ltr'><strong><em>ἔλαιον</em></strong></span> <span class='ocrx_word' id='word_1_335' title='bbox 1633 1915 1802 1968; x_wconf 75' lang='grc' dir='ltr'><strong><em>χαιτάων</em></strong></span> 
     </span>
    </p>
   </div>
   <div class='ocr_carea' id='block_1_9' title="bbox 1130 1958 1798 2050">
    <p class='ocr_par' dir='ltr' id='par_1_11' title="bbox 1130 1958 1798 2050">
     <span class='ocr_line' id='line_1_54' title="bbox 1130 1958 1798 2010; baseline 0.001 -14"><span class='ocrx_word' id='word_1_336' title='bbox 1130 1961 1330 2005; x_wconf 78' lang='grc' dir='ltr'><strong><em>κατέχευε,</em></strong></span> <span class='ocrx_word' id='word_1_337' title='bbox 1360 1959 1516 2002; x_wconf 85' lang='grc' dir='ltr'><strong><em>λοέσσας</em></strong></span> <span class='ocrx_word' id='word_1_338' title='bbox 1540 1958 1655 1996; x_wconf 74' lang='grc' dir='ltr'><strong><em>ὕδατι</em></strong></span> <span class='ocrx_word' id='word_1_339' title='bbox 1679 1961 1798 2010; x_wconf 82' lang='grc' dir='ltr'><strong><em>λευκῷ</em></strong></span> 
     </span>
     <span class='ocr_line' id='line_1_55' title="bbox 1130 2006 1381 2050; baseline -0.004 -10"><span class='ocrx_word' id='word_1_340' title='bbox 1130 2006 1184 2050; x_wconf 85' lang='lat'>(11.</span> <span class='ocrx_word' id='word_1_341' title='bbox 1211 2010 1263 2049; x_wconf 82' lang='lat'><strong><em>23,</em></strong></span> <span class='ocrx_word' id='word_1_342' title='bbox 1289 2009 1381 2049; x_wconf 80' lang='lat'>281)</span> 
     </span>
    </p>
   </div>
   <div class='ocr_carea' id='block_1_10' title="bbox 1130 2060 1802 2246">
    <p class='ocr_par' dir='ltr' id='par_1_12' title="bbox 1130 2060 1802 2240">
     <span class='ocr_line' id='line_1_56' title="bbox 1177 2060 1800 2109; baseline 0.003 -13"><span class='ocrx_word' id='word_1_343' title='bbox 1177 2066 1227 2099; x_wconf 87' lang='lat'><strong><em>13.</em></strong></span> <span class='ocrx_word' id='word_1_344' title='bbox 1259 2066 1357 2102; x_wconf 90' lang='grc' dir='ltr'><strong><em>τοις</em></strong></span> <span class='ocrx_word' id='word_1_345' title='bbox 1382 2060 1464 2106; x_wconf 75' lang='grc' dir='ltr'><strong><em>μὲν</em></strong></span> <span class='ocrx_word' id='word_1_346' title='bbox 1489 2061 1800 2109; x_wconf 72' lang='grc' dir='ltr'><strong><em>ἔξωθεν-τῷ</em></strong></span> 
     </span>
     <span class='ocr_line' id='line_1_57' title="bbox 1131 2103 1802 2158; baseline 0 -16"><span class='ocrx_word' id='word_1_347' title='bbox 1131 2103 1374 2157; x_wconf 77' lang='grc' dir='ltr'><strong><em>ἀνθρώπῳ]</em></strong></span> <span class='ocrx_word' id='word_1_348' title='bbox 1422 2107 1470 2141; x_wconf 89' lang='lat' dir='ltr'><strong><em>ut</em></strong></span> <span class='ocrx_word' id='word_1_349' title='bbox 1508 2106 1582 2141; x_wconf 85' lang='lat' dir='ltr'><strong><em>hic</em></strong></span> <span class='ocrx_word' id='word_1_350' title='bbox 1623 2117 1802 2158; x_wconf 38' lang='lat' dir='ltr'>quo-que</span> 
     </span>
     <span class='ocr_line' id='line_1_58' title="bbox 1131 2151 1802 2196; baseline 0.001 -10"><span class='ocrx_word' id='word_1_351' title='bbox 1131 2151 1336 2186; x_wconf 80' lang='lat' dir='ltr'>externis</span> <span class='ocrx_word' id='word_1_352' title='bbox 1370 2151 1552 2194; x_wconf 81' lang='lat' dir='ltr'>quidem</span> <span class='ocrx_word' id='word_1_353' title='bbox 1588 2151 1802 2196; x_wconf 82' lang='lat' dir='ltr'>partibus</span> 
     </span>
     <span class='ocr_line' id='line_1_59' title="bbox 1130 2195 1802 2246; baseline 0 -15"><span class='ocrx_word' id='word_1_354' title='bbox 1130 2196 1336 2246; x_wconf 82' lang='lat' dir='ltr'>corporis</span> <span class='ocrx_word' id='word_1_355' title='bbox 1395 2195 1578 2230; x_wconf 84' lang='lat' dir='ltr'>humani</span> <span class='ocrx_word' id='word_1_356' title='bbox 1637 2196 1802 2231; x_wconf 88' lang='lat' dir='ltr'>bonum</span> 
     </span>
    </p>
   </div>
   <div class='ocr_carea' id='block_1_11' title="bbox 1130 2236 1824 2284">
    <p class='ocr_par' dir='ltr' id='par_1_13' title="bbox 1130 2236 1824 2284">
     <span class='ocr_line' id='line_1_60' title="bbox 1130 2236 1824 2284; baseline 0 -9"><span class='ocrx_word' id='word_1_357' title='bbox 1130 2240 1206 2284; x_wconf 86' lang='lat' dir='ltr'>sit,</span> <span class='ocrx_word' id='word_1_358' title='bbox 1226 2240 1534 2275; x_wconf 82' lang='lat' dir='ltr'>interioribus</span> <span class='ocrx_word' id='word_1_359' title='bbox 1552 2250 1658 2275; x_wconf 85' lang='lat' dir='ltr'>vero</span> <span class='ocrx_word' id='word_1_360' title='bbox 1682 2236 1824 2276; x_wconf 72' lang='lat' dir='ltr'>idem·</span> 
     </span>
    </p>
   </div>
   <div class='ocr_carea' id='block_1_12' title="bbox 1129 2283 1803 2510">
    <p class='ocr_par' dir='ltr' id='par_1_14' title="bbox 1129 2283 1802 2510">
     <span class='ocr_line' id='line_1_61' title="bbox 1129 2283 1798 2340; baseline 0.001 -19"><span class='ocrx_word' id='word_1_361' title='bbox 1129 2286 1389 2340; x_wconf 82' lang='lat' dir='ltr'>pessimum</span> <span class='ocrx_word' id='word_1_362' title='bbox 1414 2285 1549 2321; x_wconf 84' lang='lat' dir='ltr'>Athen.</span> <span class='ocrx_word' id='word_1_363' title='bbox 1577 2296 1612 2329; x_wconf 89' lang='lat' dir='ltr'><strong><em>p.</em></strong></span> <span class='ocrx_word' id='word_1_364' title='bbox 1639 2289 1682 2320; x_wconf 84' lang='lat'><strong><em>46</em></strong></span> <span class='ocrx_word' id='word_1_365' title='bbox 1708 2286 1752 2320; x_wconf 87' lang='lat' dir='ltr'><strong><em>F:</em></strong></span> <span class='ocrx_word' id='word_1_366' title='bbox 1780 2283 1798 2322; x_wconf 85' lang='grc' dir='ltr'>ὁ</span> 
     </span>
     <span class='ocr_line' id='line_1_62' title="bbox 1130 2326 1803 2385; baseline 0.003 -20"><span class='ocrx_word' id='word_1_367' title='bbox 1130 2326 1368 2385; x_wconf 78' lang='grc' dir='ltr'><strong><em>Δημόκριτος</em></strong></span> <span class='ocrx_word' id='word_1_368' title='bbox 1399 2328 1492 2385; x_wconf 84' lang='grc' dir='ltr'><strong><em>πρὸς</em></strong></span> <span class='ocrx_word' id='word_1_369' title='bbox 1523 2328 1590 2365; x_wconf 85' lang='grc' dir='ltr'><strong><em>τὸν</em></strong></span> <span class='ocrx_word' id='word_1_370' title='bbox 1626 2329 1803 2385; x_wconf 69' lang='grc' dir='ltr'><strong><em>πυθόμε-</em></strong></span> 
     </span>
     <span class='ocr_line' id='line_1_63' title="bbox 1131 2372 1802 2431; baseline 0.003 -21"><span class='ocrx_word' id='word_1_371' title='bbox 1131 2389 1199 2410; x_wconf 84' lang='grc' dir='ltr'><strong><em>νον</em></strong></span> <span class='ocrx_word' id='word_1_372' title='bbox 1228 2389 1306 2416; x_wconf 85' lang='grc' dir='ltr'><strong><em>πως</em></strong></span> <span class='ocrx_word' id='word_1_373' title='bbox 1344 2372 1393 2409; x_wconf 69' lang='grc' dir='ltr'><strong><em>ἂν</em></strong></span> <span class='ocrx_word' id='word_1_374' title='bbox 1430 2373 1550 2431; x_wconf 84' lang='grc' dir='ltr'><strong><em>ὑγιῶς</em></strong></span> <span class='ocrx_word' id='word_1_375' title='bbox 1581 2388 1636 2415; x_wconf 86' lang='grc' dir='ltr'><strong><em>τις</em></strong></span> <span class='ocrx_word' id='word_1_376' title='bbox 1674 2377 1802 2430; x_wconf 82' lang='grc' dir='ltr'><strong><em>ὃιαγοι</em></strong></span> 
     </span>
     <span class='ocr_line' id='line_1_64' title="bbox 1131 2416 1802 2476; baseline 0 -20"><span class='ocrx_word' id='word_1_377' title='bbox 1131 2419 1223 2465; x_wconf 75' lang='grc' dir='ltr'>ἔφη,</span> <span class='ocrx_word' id='word_1_378' title='bbox 1266 2421 1300 2456; x_wconf 81' lang='grc' dir='ltr'><strong><em>εἰ</em></strong></span> <span class='ocrx_word' id='word_1_379' title='bbox 1339 2417 1386 2455; x_wconf 82' lang='grc' dir='ltr'><strong><em>τὰ</em></strong></span> <span class='ocrx_word' id='word_1_380' title='bbox 1422 2420 1493 2476; x_wconf 77' lang='grc' dir='ltr'><strong><em>μὲν</em></strong></span> <span class='ocrx_word' id='word_1_381' title='bbox 1533 2416 1640 2460; x_wconf 77' lang='grc' dir='ltr'><strong><em>ἐντὸς</em></strong></span> <span class='ocrx_word' id='word_1_382' title='bbox 1677 2419 1802 2464; x_wconf 84' lang='grc' dir='ltr'><strong><em>μέλιτι</em></strong></span> 
     </span>
     <span class='ocr_line' id='line_1_65' title="bbox 1131 2462 1696 2510; baseline -0.002 -10"><span class='ocrx_word' id='word_1_383' title='bbox 1131 2466 1270 2510; x_wconf 82' lang='grc' dir='ltr'><strong><em>βρέχοι,</em></strong></span> <span class='ocrx_word' id='word_1_384' title='bbox 1297 2462 1342 2499; x_wconf 81' lang='grc' dir='ltr'><strong><em>τὰ</em></strong></span> <span class='ocrx_word' id='word_1_385' title='bbox 1369 2463 1408 2499; x_wconf 92' lang='grc' dir='ltr'><strong><em>δ’</em></strong></span> <span class='ocrx_word' id='word_1_386' title='bbox 1435 2462 1542 2505; x_wconf 80' lang='grc' dir='ltr'><strong><em>ἐκτὸς</em></strong></span> <span class='ocrx_word' id='word_1_387' title='bbox 1568 2462 1696 2510; x_wconf 78' lang='grc' dir='ltr'><strong><em>ἐλαίῳ.</em></strong></span> 
     </span>
    </p>
   </div>
   <div class='ocr_carea' id='block_1_13' title="bbox 1129 2517 1804 2870">
    <p class='ocr_par' dir='ltr' id='par_1_15' title="bbox 1129 2517 1803 2870">
     <span class='ocr_line' id='line_1_66' title="bbox 1178 2517 1799 2566; baseline 0 -11"><span class='ocrx_word' id='word_1_388' title='bbox 1178 2525 1228 2556; x_wconf 86' lang='lat'><strong><em>15.</em></strong></span> <span class='ocrx_word' id='word_1_389' title='bbox 1269 2517 1627 2564; x_wconf 78' lang='grc' dir='ltr'><strong><em>ἀπαγορεύουσι</em></strong></span> <span class='ocrx_word' id='word_1_390' title='bbox 1664 2541 1707 2546; x_wconf 86' lang='lat'><em>-</em></span> <span class='ocrx_word' id='word_1_391' title='bbox 1729 2519 1799 2566; x_wconf 87' lang='grc' dir='ltr'><strong><em>μὴ</em></strong></span> 
     </span>
     <span class='ocr_line' id='line_1_67' title="bbox 1131 2565 1801 2611; baseline 0.001 -11"><span class='ocrx_word' id='word_1_392' title='bbox 1131 2580 1211 2611; x_wconf 86' lang='grc' dir='ltr'><strong><em>χρη</em></strong></span> <span class='ocrx_word' id='word_1_393' title='bbox 1190 2565 1350 2609; x_wconf 80' lang='grc' dir='ltr'><strong><em>ἧσθαι]</em></strong></span> <span class='ocrx_word' id='word_1_394' title='bbox 1371 2565 1636 2600; x_wconf 79' lang='lat' dir='ltr'>Priscianus</span> <span class='ocrx_word' id='word_1_395' title='bbox 1660 2577 1695 2609; x_wconf 87' lang='lat' dir='ltr'><strong><em>p.</em></strong></span> <span class='ocrx_word' id='word_1_396' title='bbox 1716 2570 1801 2602; x_wconf 80' lang='lat'>1196</span> 
     </span>
     <span class='ocr_line' id='line_1_68' title="bbox 1132 2609 1804 2665; baseline 0 -19"><span class='ocrx_word' id='word_1_397' title='bbox 1132 2612 1187 2646; x_wconf 85' lang='lat' dir='ltr'><strong><em>ed.</em></strong></span> <span class='ocrx_word' id='word_1_398' title='bbox 1212 2609 1386 2664; x_wconf 63' lang='grc' dir='ltr'><strong><em>Ρυῦεοὴ,</em></strong></span> <span class='ocrx_word' id='word_1_399' title='bbox 1392 2610 1521 2652; x_wconf 79' lang='lat' dir='ltr'>,Attici</span> <span class='ocrx_word' id='word_1_400' title='bbox 1545 2610 1703 2665; x_wconf 75' lang='lat' dir='ltr'>(dicunt)</span> <span class='ocrx_word' id='word_1_401' title='bbox 1731 2609 1804 2646; x_wconf 79' lang='grc' dir='ltr'><strong><em>οἱπ-</em></strong></span> 
     </span>
     <span class='ocr_line' id='line_1_69' title="bbox 1131 2636 1802 2710; baseline 0.002 -20"><span class='ocrx_word' id='word_1_402' title='bbox 1131 2652 1300 2710; x_wconf 71' lang='grc' dir='ltr'><strong><em>ἀγορεύω</em></strong></span> <span class='ocrx_word' id='word_1_403' title='bbox 1318 2652 1368 2699; x_wconf 83' lang='grc' dir='ltr'><strong><em>μὴ</em></strong></span> <span class='ocrx_word' id='word_1_404' title='bbox 1379 2636 1526 2699; x_wconf 77' lang='grc' dir='ltr'><strong><em>λέγειν,</em></strong></span> <span class='ocrx_word' id='word_1_405' title='bbox 1553 2655 1630 2697; x_wconf 81' lang='grc' dir='ltr'><strong><em>καὶ,</em></strong></span> <span class='ocrx_word' id='word_1_406' title='bbox 1656 2653 1802 2699; x_wconf 85' lang='grc' dir='ltr'><strong><em>ἀπαγο-</em></strong></span> 
     </span>
     <span class='ocr_line' id='line_1_70' title="bbox 1130 2698 1803 2744; baseline 0 -9"><span class='ocrx_word' id='word_1_407' title='bbox 1130 2699 1226 2743; x_wconf 71' lang='grc' dir='ltr'><strong><em>ρεύω</em></strong></span> <span class='ocrx_word' id='word_1_408' title='bbox 1253 2698 1418 2744; x_wconf 51' lang='lat' dir='ltr'><strong><em>ksyztvs‘</em></strong></span> <span class='ocrx_word' id='word_1_409' title='bbox 1451 2711 1484 2734; x_wconf 89' lang='lat' dir='ltr'>v</span> <span class='ocrx_word' id='word_1_410' title='bbox 1503 2699 1730 2734; x_wconf 78' lang='lat' dir='ltr'><strong>Hermann</strong></span> <span class='ocrx_word' id='word_1_411' title='bbox 1754 2700 1803 2735; x_wconf 85' lang='lat' dir='ltr'><strong><em>ad</em></strong></span> 
     </span>
     <span class='ocr_line' id='line_1_71' title="bbox 1131 2744 1799 2790; baseline 0 -11"><span class='ocrx_word' id='word_1_412' title='bbox 1131 2745 1254 2790; x_wconf 85' lang='lat' dir='ltr'>Viger.</span> <span class='ocrx_word' id='word_1_413' title='bbox 1281 2755 1315 2787; x_wconf 90' lang='lat' dir='ltr'><strong><em>p.</em></strong></span> <span class='ocrx_word' id='word_1_414' title='bbox 1341 2749 1407 2779; x_wconf 83' lang='lat'><strong><em>810</em></strong></span> <span class='ocrx_word' id='word_1_415' title='bbox 1428 2755 1508 2787; x_wconf 88' lang='lat' dir='ltr'><strong><em>sqq.</em></strong></span> <span class='ocrx_word' id='word_1_416' title='bbox 1543 2744 1799 2780; x_wconf 72' lang='lat' dir='ltr'>Buttmann.</span> 
     </span>
     <span class='ocr_line' id='line_1_72' title="bbox 1129 2788 1801 2870; baseline 0.003 -47"><span class='ocrx_word' id='word_1_417' title='bbox 1129 2790 1179 2870; x_wconf 72' lang='lat' dir='ltr'><strong><em>,an</em></strong></span> <span class='ocrx_word' id='word_1_418' title='bbox 1198 2789 1388 2869; x_wconf 54' lang='grc' dir='ltr'><strong><em>ῧὲωοεὼ.</em></strong></span> <span class='ocrx_word' id='word_1_419' title='bbox 1406 2789 1555 2824; x_wconf 82' lang='lat' dir='ltr'>Midian.</span> <span class='ocrx_word' id='word_1_420' title='bbox 1583 2788 1719 2825; x_wconf 82' lang='lat' dir='ltr'>Excurs</span> <span class='ocrx_word' id='word_1_421' title='bbox 1738 2790 1801 2825; x_wconf 85' lang='lat' dir='ltr'><strong><em>XI.</em></strong></span> 
     </span>
    </p>

    <p class='ocr_par' dir='ltr' id='par_1_16' title="bbox 1159 2838 1195 2870">
     <span class='ocr_line' id='line_1_73' title="bbox 1159 2838 1195 2870; baseline 0 0"><span class='ocrx_word' id='word_1_422' title='bbox 1159 2838 1195 2870; x_wconf 78' lang='lat' dir='ltr'><strong><em>ta</em></strong></span> 
     </span>
    </p>
   </div>
  </div>
 </body>
</html>
