1939 3214
372 148 450 190 156
949 145 1190 181 PLATONIS

320 256 352 290 D
370 250 462 290 τῶν
491 248 639 301 λόγων
668 249 759 289 τῶν
790 244 957 288 ἑαυτῶν
988 245 1077 288 ὑπὸ
1107 245 1413 299 ἀπαιδευσίας,
1444 249 1589 299 τιμίας
1608 248 1790 289 ποιοῦσι

368 314 445 364 τὰς
483 314 773 369 αὐλητρίδας,
813 316 985 355 πολλοῦ
1023 313 1321 369 μισθούμενοι
1357 311 1598 366 ἀλλοτρίαν
1629 313 1790 368 φωνην

369 382 451 436 τῆν
492 385 583 424 τῶν
621 380 790 435 αὐλῶν,
830 381 905 422 καὶ
944 379 1018 423 διὰ
1057 383 1134 435 τῆς
1173 381 1361 423 ἐκείνων
1400 381 1552 434 φωνῆς
1581 379 1790 436 ἀλλήλοις

370 450 588 492 σύνεισιν.
652 447 766 490 ὅπου
798 448 847 489 δὲ
878 448 1006 489 καλοὶ
1038 447 1233 502 κάγαθοὶ
1264 448 1491 502 συμπόται
1522 446 1598 488 καὶ
1627 461 1788 489 πεπαι-

369 518 577 571 δευμένοι
617 516 746 568 εἰσίν,
789 513 871 556 οὐκ
912 513 969 556 ἂν
1001 516 1111 564 ἴδοις
1141 514 1239 557 οὔτ’
1274 514 1545 570 αὐλητρίδας
1575 512 1680 557 οὔτε
1711 513 1789 570 ὀρ-
1820 546 1836 573 5

368 584 606 639 χηστρίδας
643 581 748 624 οὔτε
785 585 1017 636 ψαλτρίας,
1055 580 1156 624 ἀλλ’
1201 581 1366 631 αὐτοὺς
1411 581 1564 632 αὐτοῖς
1610 581 1792 632 ἱκανούς

369 650 500 700 ὄντας
531 657 736 692 συνεῖναι
767 648 878 691 ἄνευ
909 651 1000 691 τῶν
1031 649 1182 704 λήρων
1212 665 1259 691 τε
1289 648 1364 692 καὶ
1395 651 1590 692 παιδιῶν
1619 650 1842 694 τούτων
1866 671 1875 675 <¹
1932 674 1934 676 ·

369 718 444 760 διὰ
484 721 561 772 τῆς
598 716 750 759 αὐτῶν
788 719 965 771 φωνῆς,
1005 718 1216 770 λέγοντάς
1255 733 1303 760 τε
1343 717 1416 759 καὶ
1454 715 1703 767 ἀκούοντας
1742 717 1793 760 ἐν

315 792 344 827 Ε
370 788 495 841 μέρει
533 785 701 828 ἑαυτῶν
738 785 954 838 κοσμίως,
994 780 1080 826 κᾶν
1118 784 1240 827 πάνυ
1278 783 1425 826 πολύν
1456 781 1584 826 οἶνον
1614 787 1789 827 πίωσιν.

370 852 484 895 οὕτω
525 854 574 895 δὲ
611 853 686 894 καὶ
725 852 777 893 αἶ
808 853 978 894 τοιαίδε
1015 855 1278 905 συνουσίαι,
1322 851 1402 894 ἐὰν
1440 852 1523 906 μὲν
1562 853 1789 906 λάβωνται
1806 864 1875 907 103
1928 876 1932 879 »

369 920 567 974 ἀνδρῶν,
591 915 763 972 οἷοίπερ
784 917 912 973 ἡμῶν
934 920 982 960 οἱ
997 922 1159 961 πολλοί
1177 932 1318 973 φασιν
1341 916 1470 972 εἶναι,
1504 919 1639 962 οὐδὲν
1660 920 1793 961 δέον-

369 1003 439 1029 ται
477 985 714 1040 ἀλλοτρίας
751 988 907 1040 φωνῆς
958 985 1065 1028 οὐδὲ
1104 989 1324 1040 ποιητῶν,
1373 984 1451 1034 οὓς
1490 985 1593 1028 οὔτε
1633 986 1792 1040 ἀνερέ-

370 1059 478 1096 σθαι
509 1049 606 1096 οἶόν
636 1052 674 1095 τ’
711 1052 804 1096 ἐστὶ
834 1051 936 1106 περὶ
966 1046 1032 1094 ὦν
1061 1053 1287 1107 λέγουσιν,
1329 1052 1601 1108 ἐπαγόμενοί
1629 1069 1677 1095 τε
1707 1052 1793 1095 αὐ-

486 1205 516 1233 1.
549 1201 635 1234 τῶν
668 1196 811 1243 λόγων
837 1198 920 1233 BT:
953 1200 1029 1234 τῶν
1060 1209 1131 1232 0111.
1158 1198 1383 1233 Athenaeus.
1454 1203 1485 1236 4
1511 1199 1588 1234 καὶ
1622 1212 1794 1234 πεπαι-

371 1244 592 1288 δευμένοι
625 1244 766 1279 delevit
805 1244 945 1279 Schanz
978 1245 1016 1278 et
1053 1244 1158 1278 deest
1193 1245 1258 1279 καὶ
1288 1244 1327 1278 111
1357 1243 1439 1287 BT,
1480 1244 1546 1278 sed
1578 1244 1616 1278 in
1643 1244 1673 1279 Τ
1706 1245 1794 1279 olim

371 1290 575 1334 ascriptum
610 1289 776 1333 itemque
811 1289 928 1323 habet
962 1288 1188 1326 Athenaeus
1247 1288 1339 1323 Mihi
1375 1288 1699 1344 πεπαιδευμένοι
1719 1300 1794 1325 11011

371 1335 560 1391 displicet,
595 1334 695 1377 quod
734 1344 808 1368 non
839 1334 940 1369 idem
971 1334 1073 1368 valet
1103 1344 1145 1368 ac
1178 1335 1288 1369 καλοὶ
1323 1330 1498 1385 κάγαθοί
1527 1335 1564 1369 et
1595 1334 1642 1368 ad
1675 1347 1793 1369 απαι-

371 1380 531 1415 δευσιάν
556 1379 794 1413 referendum
823 1380 895 1422 est,
929 1379 994 1421 atq
997 1389 1044 1412 ue
1070 1379 1135 1413 καὶ
1160 1380 1245 1422 post
1268 1378 1570 1415 terminationem
1595 1393 1659 1414 ται
1682 1379 1793 1415 facile

370 1425 494 1468 potuit
517 1424 754 1459 intercidere.
804 1389 994 1459 Ceterumq
996 1423 1210 1458 Athenaeus
1236 1423 1380 1458 invenit
1405 1425 1516 1459 καλοὶ
1542 1425 1619 1459 καὶ
1646 1421 1793 1468 ἀγαθοὶ

365 1469 563 1513 ,ξυμπόται
589 1471 627 1504 et
651 1469 775 1503 statim
802 1469 888 1513 post
913 1470 1099 1512 ξυνεῖναι

1115 1602 1199 1625 cum
1231 1591 1483 1636 Aristophane
1523 1593 1561 1626 et
1592 1592 1792 1636 Agathone

417 1598 446 1631 1
466 1594 624 1636 τιμίας
649 1603 841 1626 ποιουσι
859 1605 939 1630 τας
967 1589 1045 1625 αὐ-

1115 1635 1163 1670 ad
1189 1635 1308 1670 lucem
1336 1647 1450 1679 usque
1483 1637 1689 1671 collocutus
1714 1648 1792 1673 esse

371 1641 389 1672 λ
400 1652 422 1683 η
432 1652 479 1680 τρ
489 1653 502 1672 ι
497 1639 536 1671 ’δ
547 1651 569 1671 α
579 1639 609 1680 ς]
643 1636 884 1670 tibicinarum
922 1636 1045 1680 pretia

369 1682 611 1736 amplificant.
652 1681 813 1725 Euthyd.
844 1693 879 1724 p.
905 1685 971 1715 304
994 1680 1043 1714 B:

369 1725 410 1762 τὸ
444 1741 541 1781 γαρ
549 1724 713 1761 σποὶνιον
744 1727 882 1768 τι’,μιον
919 1724 961 1760 τὸ
999 1724 1044 1760 δε

369 1768 472 1816 ὕδωρ
500 1768 748 1807 εὐωνότατον.
789 1770 961 1805 Tibicina
988 1770 1042 1804 (11

369 1818 531 1852 mittitur
550 1818 663 1851 etiam
681 1816 718 1849 in
728 1815 941 1873 Agathonis
957 1825 1042 1850 con-

369 1863 466 1897 Vivio
473 1874 528 1917 p.
550 1861 676 1896 176E:
702 1860 944 1915 εἰσηγοῦμαι,
970 1859 1041 1904 τὴν

369 1922 440 1952 μεν
456 1905 542 1950 α’ρτι
559 1906 812 1942 εἰσελθοῦσαν
827 1891 1043 1959 αυλητρίδα

370 1955 455 2010 χαιρ
437 1965 517 2005 ρειν
559 1949 645 1993 ἔᾶν,
687 1947 884 1985 αυλοῦσαν
926 1947 1043 1995 ἕαυτῃ

369 1997 406 2042 ἠ’,
449 1993 498 2032 ὃὶν
535 1995 732 2052 βουληται,
769 2000 853 2035 ταῖς
885 1996 1044 2049 γυναιξὶ

369 2046 454 2081 weg
480 2041 605 2083 ἔνδον,
631 2040 732 2085 ἡμᾶς
759 2038 801 2074 δὲ
829 2038 895 2074 δια
910 2038 1043 2093 λόγων

369 2085 547 2130 αλλήλοις
588 2089 761 2120 συνεῖναι
792 2083 833 2119 τὸ
871 2081 1046 2134 τήμερον

369 2132 448 2166 Iam
442 2101 616 2165 ⁷⁷heroica
633 2130 757 2179 aetate
782 2128 964 2163 eiusmodi
981 2129 1046 2163 ob—

369 2176 597 2211 lectamenta
645 2173 822 2209 conviviis
877 2175 1047 2217 quaesita

370 2221 470 2262 sunt,
503 2220 569 2254 sed
594 2219 754 2254 adhibiti
778 2219 985 2253 citharoedi
1011 2220 1047 2253 et

370 2266 585 2307 saltatores,
632 2275 706 2298 non
755 2264 963 2298 saltatrices
1011 2264 1048 2297 et

369 2310 559 2345 tibicinae.
618 2309 754 2345 Athen
786 2321 822 2353 p.
856 2313 896 2342 14
926 2309 976 2342 A:
1015 2306 1047 2343 ἐ-

369 2356 513 2400 χρῶντο
532 2349 650 2398 ἥρωες
669 2352 709 2389 ἐν
726 2358 808 2393 τοῖς
823 2355 1048 2406 συμποσίοις

369 2401 432 2435 καὶ
459 2400 701 2444 κιθαρῳδοῖς
732 2398 796 2433 καὶ
829 2395 1047 2442 ὀρχησταῖς,

369 2445 503 2479 deinde
541 2456 577 2488 p.
617 2448 656 2478 16
687 2444 735 2477 Α·
783 2440 943 2487 ἐχρῶντο
983 2445 1047 2478 καὶ

370 2487 503 2529 αυλοῑς
533 2489 597 2524 καὶ
630 2487 830 2543 σύριγξι.
852 2487 906 2527 εἰς
931 2486 974 2522 δε
1000 2486 1047 2523 τὰ

371 2533 565 2590 συμπόσια
603 2533 650 2568 ου’
686 2529 896 2585 παρήγαγε.
934 2532 1047 2576 πλὴν

371 2577 412 2614 ἐν
445 2581 492 2625 τῇ
520 2576 750 2624 Οπλοποιίςι
783 2591 914 2633 γαμων
939 2591 1047 2622 γενο-

371 2624 496 2667 μένων
523 2622 650 2659 αὐλῶν
675 2622 919 2676 μνημονεύει
968 2636 1046 2663 τοις

371 2668 415 2703 δε
458 2667 664 2721 βαρβάροις
705 2666 917 2702 ἀποδίδωσι
958 2666 1045 2708 τοὺς

369 2712 438 2748 αὖ)
435 2726 524 2753 ους.
553 2714 598 2748 cf.
623 2724 707 2750 ann.
734 2712 782 2746 ad
806 2723 841 2756 p
868 2712 989 2747 3180.

414 2762 445 2793 9.
471 2754 557 2792 κόὶν
591 2756 715 2792 πάνυ
740 2756 889 2792 πολυν
915 2756 1045 2793 οἶνον

368 2803 522 2848 πίωσι]
555 2803 597 2836 111
632 2802 836 2853 Symposio
861 2803 1045 2844 Socrates,

370 2859 483 2891 quum
523 2848 726 2891 plurimum
761 2848 838 2881 vini
874 2847 1041 2889 bibisset,

1113 1681 1276 1724 fingitur.
1326 1681 1374 1715 Et
1401 1681 1506 1716 Plato
1539 1682 1645 1716 fortis
1679 1682 1793 1733 animi

1114 1726 1342 1761 existimavit
1367 1737 1445 1761 esse
1471 1727 1501 1761 si
1525 1728 1607 1771 quis
1623 1726 1699 1760 vini
1715 1727 1794 1772 ple-

1113 1782 1180 1804 nus
1205 1772 1340 1805 mentis
1366 1772 1464 1806 esset
1489 1781 1658 1816 compos,
1685 1783 1716 1806 v.
1744 1772 1790 1807 de

1112 1816 1184 1859 leg.
1209 1827 1244 1859 p.
1272 1820 1354 1858 6493
1382 1820 1571 1851 671—674.
1620 1816 1795 1851 Eiusdem

1113 1861 1321 1895 sententiae
1366 1861 1439 1894 fuit
1475 1862 1611 1905 Cyrus,
1656 1861 1721 1904 qui
1755 1862 1795 1896 in

1113 1906 1274 1948 epistola
1299 1906 1346 1940 ad
1364 1905 1680 1941 Lacedaemonios
1705 1906 1793 1940 scri-

1113 1951 1181 1994 pta
1209 1962 1247 1983 111
1279 1951 1354 1984 suis
1379 1951 1581 2001 virtutibus
1604 1951 1642 1985 id
1666 1962 1794 1985 nume-

1114 1995 1221 2037 ravit,
1249 1995 1348 2037 quod
1373 1995 1448 2029 vini
1474 1996 1572 2030 esset
1596 1996 1794 2041 capacissi-

1115 2051 1214 2080 muS,
1255 2051 1289 2073 v.
1323 2040 1556 2075 Plutarch.
1588 2040 1668 2075 Art.
1699 2051 1729 2076 c.
1755 2044 1793 2074 6:

1116 2086 1388 2140 μεγαληγορῶν
1415 2084 1458 2120 δὲ
1487 2085 1573 2126 περὶ
1591 2082 1711 2120 αὑτοῦ
1729 2086 1795 2121 καὶ

1117 2130 1283 2173 καρδίαν
1316 2128 1390 2184 ἔφη
1421 2131 1491 2164 τοῦ
1524 2129 1700 2174 αδελφοῦ
1727 2143 1794 2174 φο-

1118 2173 1794 2276 ῇξι..Εὲῗῑιέρ111111111ιῇ

1784 2247 1792 2262 ²

1119 2263 1224 2298 οἶνον
1267 2262 1309 2299 δε
1350 2266 1512 2300 πλείονα
1558 2266 1688 2299 πίνειν
1730 2264 1794 2299 καὶ

1117 2307 1262 2365 φέρειν.

1164 2357 1215 2391 10,
1242 2351 1322 2388 ἐὰν
1348 2352 1428 2396 μὲν
1455 2351 1689 2403 λα’βωνται
1717 2367 1795 2388 αν-

1119 2399 1255 2443 δρῶν]
1289 2397 1331 2432 Si
1362 2399 1522 2432 nactae
1548 2398 1644 2432 sint
1668 2399 1794 2434 viros

1118 2454 1144 2479 s
1163 2448 1396 2486 compotes
1413 2453 1615 2477 v1r0rum
1640 2444 1794 2478 factae

1119 2488 1221 2523 sint.
1246 2487 1374 2523 Stalzb.

1164 2537 1216 2570 11,
1249 2531 1434 2573 οἷοίπερ
1467 2529 1595 2577 ἡμῶν
1619 2530 1665 2566 οἵ
1686 2535 1793 2566 πολ-

1117 2579 1192 2613 λοί
1212 2577 1368 2630 φασιν]
1386 2577 1427 2610 ut
1444 2576 1602 2630 Hippias
1619 2587 1655 2620 p.
1669 2581 1734 2611 337
1749 2576 1791 2612 D.

1163 2626 1214 2656 12.
1257 2635 1333 2660 ους
1376 2620 1484 2656 ου’τε
1525 2618 1791 2663 ανερέσθαι

1117 2665 1218 2702 οἷόν
1237 2665 1318 2720 τε]
1361 2666 1539 2710 Hipp.11
1574 2677 1611 2709 p.
1642 2669 1709 2700 365
1741 2666 1792 2700 D:

1116 2709 1182 2746 τὸν
1207 2723 1276 2769 μεν
1290 2705 1463 2765 Όμηρον
1488 2707 1664 2754 ἐάσομεν,
1692 2708 1793 2746 ἒπει-

1116 2753 1165 2800 δὴ
1198 2756 1263 2790 καὶ
1294 2753 1494 2790 ἀδύνατον
1532 2753 1794 2812 ἐπανερέσθαι

1114 2802 1154 2835 τί
1175 2813 1267 2835 ποτε
1292 2801 1391 2834 νοῶν
1415 2802 1539 2835 ταῦτα
1564 2799 1719 2844 ἐποίησε
1743 2813 1791 2835 τα

1119 2844 1203 2889 ἔπη.
1238 2845 1333 2879 conf.
1358 2856 1392 2889 p.
1419 2844 1549 2882 329A,
