1907 3230
177 887 209 913 10

180 1223 211 1248 15

643 164 979 202 PROTAGORAS.
1003 164 1043 198 P.
1071 168 1136 200 323
1162 164 1230 199 ST.

1593 165 1647 207 85

230 267 289 320 μή
322 267 457 318 ἐστιν,
498 263 525 319 ἢ
557 268 862 318 καταγελῶσιν
892 261 919 318 ἢ
949 266 1284 318 χαλεπαίνουσι,
1317 263 1390 305 καὶ
1421 265 1466 306 οἰ
1494 265 1694 307 οἰκεῖοιΒ

230 331 494 383 προσιόντες
516 333 818 373 νουθετοῦσιν
838 328 898 378 ὥς
918 330 1213 412 μαινόμενον·
1239 331 1289 372 ἐν
1310 331 1358 373 δὲ
1381 332 1646 386 δικαιοσύνῃ

231 397 305 439 καὶ
344 396 394 439 ἐν
433 413 485 452 τῃ
523 396 638 452 ἄλλῃ
669 398 876 451 πολιτικῇ
906 394 1065 451 ἀρετῇ,
1105 397 1185 438 εἀ’ν
1223 414 1323 439 τινα
1364 398 1437 438 καὶ
1469 398 1650 440 εἰδῶσιν

231 463 298 506 ὅτι
336 463 489 514 ἄδικός
530 463 667 516 ἐστιν,
710 462 790 505 ἐαν
829 463 959 512 οὑτος
990 461 1123 512 αὐτὸς
1154 462 1260 505 καθ’
1304 461 1446 505 αὑτοῦ
1476 463 1651 518 τάληθῆ
1695 487 1701 494 »

231 532 337 587 λε’γῃ
362 531 570 573 ἐναντίον
592 530 786 584 πολλῶν,
810 528 835 571 ὃ
858 530 952 572 ἐκεῖ
970 530 1276 585 σωφροσύνην
1299 529 1492 586 ἡγοῦντο
1517 528 1645 583 εἶναι,

229 596 405 652 ταληθῆ
445 598 603 651 λέγειν,
647 597 848 639 ἐνταῦθα
886 599 1076 652 μανίαν,
1109 599 1189 639 καί
1215 610 1325 652 φασι
1355 597 1523 648 πάντας
1555 599 1651 640 δεῖν

231 681 371 720 φαναι
403 662 518 707 εἶναι
551 665 763 717 δικαίους,
797 664 876 706 ἐάν
907 680 953 706 τε
986 657 1098 706 ὦσιν
1131 664 1211 707 ε’άν
1250 681 1296 707 τε
1326 666 1400 719 μή,
1432 662 1461 719 ἢ
1491 681 1647 720 μαινε-

231 737 340 774 σθαι
371 731 448 774 τὸν
478 730 534 786 μή
567 731 958 786 προσποιούμενον
979 732 1291 786 δικαιοσύνην,
1325 730 1383 781 ὡς
1404 731 1650 786 ἀναγκαῖον
1675 739 1701 775 C

230 798 394 841 οὐδένα
426 797 564 841 ὅντιν’
599 796 697 852 οὐχὶ
729 795 849 852 ἁμῶς
879 799 932 852 γε’
958 813 1051 849 πως
1080 801 1277 853 μετέχειν
1317 797 1475 853 αὐτῆς,
1519 799 1548 854 ἦ
1592 799 1676 854 μή

234 863 348 908 εἶναι
381 865 431 907 ἐν
461 864 736 920 ἀνθρώποις.

343 933 445 988 Cap.
468 933 586 977 XIII.
607 931 702 974 ’Ότι
722 933 804 987 μὲν
826 928 912 975 οὖν
943 932 1073 975 πάντ’
1108 933 1257 986 ἄνδρα
1289 935 1469 983 εἰκότως
1491 932 1651 976 ἀποδέ-

230 1015 384 1054 χονται
415 1001 517 1055 περὶ
556 1000 721 1055 ταύτης
757 1004 834 1054 τῆς
865 999 1024 1055 ἀρετῆς
1053 1001 1314 1055 σύμβουλον
1346 1000 1419 1042 δια
1450 1000 1498 1042 τὸ
1530 999 1650 1081 ἡγεῖ-

231 1072 341 1110 σθαι
379 1066 511 1109 παντὶ
547 1075 745 1121 μετεῖναι
784 1066 941 1122 αὐτῆς,
980 1071 1118 1110 ταῦτα
1158 1067 1292 1122 λέγω
1331 1067 1397 1110 ὅτι
1429 1068 1477 1109 δὲ
1509 1066 1651 1123 αὐτὴν

231 1135 286 1177 οὐ
317 1134 452 1189 φύσει
483 1133 700 1189 ἡγοῦνται
732 1132 846 1176 εἶναι
877 1133 974 1176 οὐδ’
1007 1134 1095 1176 ἀπὸ
1126 1138 1207 1176 τοῦ
1237 1134 1505 1189 αύτοματου,
1538 1133 1650 1177 αλλα

235 1203 450 1244 διδακτόν
480 1217 526 1244 τε
548 1201 622 1243 καὶ
647 1202 691 1252 ἐξ
715 1202 967 1255 ἐπιμελείας
988 1204 1349 1256 παραγίγνεσθαι
1373 1203 1405 1257 ῴ
1428 1199 1483 1244 ἂν
1506 1217 1652 1256 παρα-

229 1284 457 1323 γιγνηται,
503 1269 636 1310 τοῦτό
674 1280 744 1310 σοι
781 1284 889 1322 μετα
929 1268 1060 1310 τοῦτο
1100 1270 1366 1324 πειράσομαι
1406 1268 1649 1319 αποδεῖξαι.

218 1336 328 1378 Ὅσα
358 1335 443 1389 γὰρ
476 1332 690 1389 ἡγοῦνται
721 1334 944 1390 ἀλλήλους
975 1334 1089 1377 κακὰ
1120 1338 1236 1390 ἔχειν
1258 1336 1494 1391 ἄνθρωποι
1517 1335 1651 1391 φύσει
1671 1344 1701 1378 D

342 1440 373 1472 8.
406 1435 629 1471 δικαιοσν
639 1450 723 1480 νην
757 1437 857 1472 delet
889 1436 1007 1472 Cobet
1039 1438 1142 1472 nulla
1166 1437 1309 1472 ratione
1337 1438 1466 1472 habita
1489 1437 1648 1481 proximi

229 1482 458 1526 pronominis
490 1479 627 1526 αὐτῆς,
659 1492 728 1526 pio
760 1492 845 1525 quo,
879 1482 942 1526 qui
967 1482 1045 1517 eius
1076 1482 1214 1517 iudicio
1247 1482 1460 1526 accederet,
1490 1482 1649 1516 scribere

233 1526 388 1561 deberet
413 1527 675 1571 δικαιοσύνης.

275 1609 305 1640 3.
356 1602 436 1639 ἕοὶν
483 1619 587 1640 τινα
636 1606 714 1640 καὶ
772 1605 903 1640 εἰδῶ-

231 1650 319 1695 σιν]
347 1649 391 1683 111
414 1649 602 1685 iustitia
626 1661 735 1685 vero
761 1652 905 1685 ceter-

230 1695 359 1738 isque
393 1694 650 1730 virtutibus
683 1695 905 1730 civilibus

231 1740 421 1774 etiamsi
491 1751 620 1783 quem
690 1740 906 1774 noverint

231 1795 328 1819 0880
365 1784 601 1826 iniustum,
640 1785 677 1818 si
708 1785 744 1819 is
777 1785 828 1819 de
861 1796 905 1819 se

229 1829 328 1873 ipse
388 1828 545 1862 multis
607 1829 905 1864 audientibus

230 1884 338 1908 vera
361 1873 556 1914 fatetur,
577 1874 695 1918 quod
721 1874 902 1917 quidem

230 1918 330 1952 illic
363 1919 414 1961 (in
445 1918 578 1953 ceteris
609 1919 766 1963 artibus)
802 1930 908 1954 oon-

229 1963 480 1998 tinentiam
520 1965 749 2007 putabant
789 1975 907 2005 esse,

230 2007 460 2042 videlicet
485 2019 637 2043 verum
663 2009 836 2050 dicere,
862 2009 909 2042 id

230 2053 302 2086 hic
342 2052 572 2087 insaniam
609 2064 709 2089 esse
747 2054 908 2089 existi·

231 2099 366 2132 mant.
418 2095 681 2148 Δικαιοσύνην
714 2110 810 2133 1111110
843 2109 907 2149 ap-

230 2142 350 2194 pellat
383 2142 552 2187 sophista.
586 2154 676 2178 rem
713 2143 908 2178 iudicia-

231 2188 361 2229 riam,
402 2187 504 2229 quod
534 2199 630 2222 nunc
661 2199 735 2223 non
760 2188 905 2222 mirum.

231 2231 287 2266 De
313 2231 425 2266 simili
451 2232 622 2267 vocabuli
647 2245 713 2267 usu
739 2233 824 2268 vide
842 2244 904 2267 an-

232 2277 310 2311 1101.
336 2277 383 2311 ad
408 2276 522 2325 Gorg
541 2287 570 2311 c.
590 2277 686 2312 XIX.
708 2273 831 2312 Post
820 2273 839 2312 6
865 2275 905 2321 ἡ-

232 2321 370 2366 γοῦντο
386 2319 488 2356 εἶναι
486 2305 782 2377 ζ’100181110111101118
796 2333 906 2357 causa

233 2366 403 2401 additum
421 2363 489 2402 ταλ
494 2368 575 2411 ηθῆ
596 2365 730 2412 λέγειν.
745 2379 778 2404 v.
794 2368 905 2412 Gorg.

231 2411 443 2490 p.476E.p
420 2416 532 2456 11501
550 2414 594 2445 A.
618 2412 766 2470 infrtap.
782 2413 902 2446 351Α.

264 2457 322 2491 0813
336 2453 509 2492 ἐνταῦθα
529 2459 674 2501 μανίαν
687 2457 753 2491 int.
770 2455 908 2501 ἡγοῦν-

233 2514 309 2536 ται.
335 2501 463 2537 Stallb.

290 2550 321 2580 8.
369 2546 786 2599 προσποιούμενον
841 2547 909 2581 δι-

234 2589 510 2641 καιοσύνην]
547 2580 663 2626 Paulo
705 2591 830 2625 durius
871 2592 909 2626 et

232 2635 449 2670 insolentius
480 2636 550 2672 hoc
582 2637 722 2671 dictum
755 2637 809 2670 est
840 2647 907 2680 pro

233 2677 909 2776 32⁰8⁶<⁷1353²²⁶22⁸⁹131⁹at31ss“²1?r²²0fe⁶}‡1{²11{

234 2771 291 2813 sit,
316 2781 389 2805 non
408 2773 465 2806 est
482 2771 582 2815 quod
601 2772 812 2812 dubitatum
839 2770 905 2805 810-

235 2818 277 2849 1113
306 2816 416 2851 Lach.
441 2827 476 2860 p.
504 2821 567 2852 184
593 2816 619 2852 C
656 2815 845 2872 positum
855 2816 910 2849 est

236 2857 259 2902 ἠ
277 2862 526 2906 προσποίησις
544 2863 612 2906 τῆς
629 2858 810 2905 τοιαύτης
830 2858 907 2895 ἔπι-

976 1603 1136 1651 στήμης,
1177 1605 1232 1640 ita
1273 1607 1576 1648 προσποιεῖσθαί
1615 1619 1650 1640 τι

975 1653 1076 1685 10010
1115 1651 1259 1686 dicitur.
1313 1651 1361 1685 Et
1397 1651 1489 1685 haec
1524 1650 1650 1684 iniusti

974 1695 1133 1730 hominis
1159 1696 1254 1730 falsa
1279 1696 1468 1731 affectatio
1486 1695 1649 1729 iustitiae

975 1741 1135 1775 maxime
1163 1741 1300 1785 probat
1328 1740 1415 1774 iusti
1439 1751 1587 1774 sensum
1612 1740 1649 1773 in

975 1785 1077 1819 nullo
1103 1796 1177 1820 11011
1202 1786 1336 1820 1110880

1021 1834 1052 1867 8
1094 1827 1149 1869 ὡς
1182 1827 1465 1880 ἀναγκαῖον]
1505 1828 1650 1863 Facili

976 1885 1116 1919 opera
1132 1871 1183 1909 ὅν
1202 1874 1400 1912 addideris,
1419 1874 1492 1908 Sed
1506 1873 1650 1908 cautius

979 1920 1048 1954 hac
1072 1921 1109 1953 in
1134 1931 1174 1954 re
1201 1919 1422 1954 versandum
1448 1930 1525 1954 esse
1544 1919 1650 1953 doce-

981 1966 1073 1998 bunt
1090 1975 1185 2008 quae
1202 1964 1499 1999 Heindorfius
1518 1964 1564 1998 ad
1582 1963 1649 1999 h.1.

979 2011 1017 2043 et
1042 2009 1252 2043 Stallbaum
1278 2009 1325 2043 ad
1351 2009 1452 2053 Gorg
1456 2021 1523 2053 ..p
1546 2007 1649 2043 4950

978 2054 1267 2109 adscripserunt,
1293 2054 1338 2089 of.
1357 2055 1518 2098 etiamp.
1536 2053 1649 2089 32413.

1026 2104 1078 2133 11.
1106 2097 1442 2153 ἀποδέχονται]
1469 2099 1535 2136 int
1554 2100 1597 2133 οῖ’
1610 2111 1650 2133 τε

979 2142 1086 2179 ἄλλοι
1116 2157 1180 2178 και
1211 2140 1299 2188 Ἀθη
1304 2148 1417 2185 ναῖοι,
1444 2144 1504 2178 vel
1531 2142 1570 2178 οἱ
1592 2144 1650 2178 σοὶ

976 2191 1144 2231 πολῖται,
1167 2189 1232 2223 sed
1249 2190 1362 2224 mirer
1384 2189 1455 2222 nisi
1467 2188 1648 2232 Protago-

975 2244 1035 2267 ias
1059 2234 1139 2286 ipse
1165 2234 1388 2268 alterutrum
1413 2233 1604 2270 adiecerit

1022 2282 1073 2313 17.
1092 2274 1203 2313 Όσα
1228 2277 1311 2322 γὰρ
1343 2276 1648 2323 ἡγοῦνται--]

976 2323 1083 2357 Nam
1110 2333 1408 2374 quaecunque
1430 2323 1549 2358 mala
1574 2323 1648 2356 ho-

974 2368 1118 2402 mines
1157 2369 1278 2403 inter
1307 2378 1348 2403 se
1378 2368 1549 2402 habere
1583 2378 1650 2402 ar-

975 2413 1211 2447 bitrantur
1241 2414 1432 2448 naturae
1458 2412 1531 2447 vel
1555 2412 1648 2446 for-

977 2459 1114 2492 tunae
1163 2458 1265 2502 culp
1275 2468 1306 2495 a
1370 2458 1423 2492 De
1470 2457 1649 2500 proximis

977 2502 1186 2537 Stallbaum
1210 2503 1304 2537 haec
1321 2501 1507 2537 subtiliter
1523 2502 1648 2556 dispu-

976 2548 1090 2582 tavit:
1129 2547 1251 2582 Facile
1283 2546 1394 2581 alicui
1426 2547 1526 2596 istud
1556 2544 1647 2581 οὐδὲ

978 2591 1154 2627 διδάσκει
1192 2592 1323 2626 0010118
1360 2591 1482 2625 verbis
1513 2590 1649 2635 impor-

977 2638 1066 2672 tune
1103 2637 1340 2671 interiectum
1378 2636 1567 2677 videatur,
1608 2638 1651 2669 ut

977 2682 1185 2717 mirandum
1212 2681 1259 2715 sit
1282 2681 1469 2716 neminem
1498 2680 1585 2714 dum
1611 2681 1649 2714 in

979 2738 1022 2762 eo
1047 2727 1263 2769 offendisse,
1289 2725 1509 2776 praesertim
1535 2735 1650 2768 quum

977 2782 1064 2806 mox
1089 2784 1124 2817 p.
1143 2775 1208 2807 323
1226 2771 1254 2805 Ε
1279 2772 1425 2805 1101111181
1450 2772 1494 2805 οι
1512 2783 1550 2804 τε
1577 2772 1649 2804 θυ-

978 2818 1042 2861 μοὶ
1068 2817 1132 2851 καὶ
1159 2815 1200 2851 αἵ
1225 2813 1397 2855 κολάσεις
1423 2816 1486 2850 καὶ
1505 2813 1549 2849 αἰ
1565 2827 1649 2849 νου-

978 2860 1157 2906 θετήσεις
1183 2862 1528 2896 commemorentur.
1577 2858 1649 2893 Sed
