1907 3230
657 125 722 160 AD
747 124 1090 160 PROTAGORAM.
1527 128 1582 170 33

165 228 387 270 Platonem
418 242 443 268 a
472 226 722 282 quibusdam
751 226 833 267 hoc
863 227 1036 268 nomine
1067 227 1369 281 reprehensum
1391 242 1481 270 esse
1501 242 1579 270 no-

168 284 228 325 bis
259 283 450 324 videmur
480 283 684 325 docuisse.

277 338 438 393 Restat,
469 342 516 381 ut
545 339 602 380 de
623 338 927 380 Simonideo
959 338 1186 380 carmine
1216 353 1349 393 pauca
1371 339 1578 381 dieantur.

165 395 267 436 Eius
298 395 497 450 reliquias
518 396 678 449 primus
702 394 1110 436 Schleiermacherus
1133 409 1157 436 a
1177 394 1368 436 Platonis
1389 395 1579 436 oratione

164 451 320 492 rectius
351 453 563 506 separavit
592 453 633 492 et
653 451 698 491 in
719 451 908 492 versibus
929 451 1201 492 restituendis
1222 451 1343 493 multi
1366 451 1446 493 viri
1467 451 1579 493 docti

164 508 319 549 versati
350 511 461 558 sunt,
495 507 566 549 sed
598 506 801 561 quaedam
831 506 958 548 dubia
989 510 1221 548 remanent.
1285 507 1500 562 Plerisque
1533 522 1580 549 ea

164 578 435 606 numerorum
465 563 600 604 forma
630 563 810 618 probata
841 567 915 617 est,
947 563 992 604 in
1022 578 1146 618 quam
1170 563 1219 605 G.
1244 563 1514 605 Hermannus
1536 564 1579 605 in

166 619 422 675 Protagorae
453 620 638 661 editione
664 619 966 661 Heindorfiana
996 635 1036 673 p.
1058 620 1140 661 598
1173 622 1214 661 et
1235 619 1579 661 Schneidewinus

163 677 209 717 in
232 676 409 718 Delectu
432 676 571 730 poesis
595 675 851 717 Graecorum
871 676 997 719 iamb.
1021 676 1128 731 eleg.
1150 676 1246 717 mel.
1269 691 1309 730 p.
1326 676 1408 718 379
1429 679 1579 731 poetae

164 732 291 773 verba
320 733 592 787 redegerunt,
626 745 812 786 eamque,
845 734 892 773 ut
922 735 1127 786 quantum
1158 733 1356 773 carminis
1388 735 1580 787 superest

164 789 241 830 sub
271 803 401 830 unum
431 789 677 843 adspectum
709 788 970 839 subiiciatur,
1002 788 1072 830 hic
1101 802 1357 842 proponam:

753 880 806 912 Στ
834 890 852 912 ο
937 891 961 911 α
984 904 990 912 .

154 930 291 987 ’Ἀνὸρ’
324 928 485 988 ἀγαθὸν
513 933 584 986 μὲν
613 932 796 982 ἀλαθέως
809 874 1013 987 ργέῗῖέσθαι
1043 932 1213 986 χαλεπὸν

162 993 292 1045 χερσίν
322 1006 359 1031 τε
381 991 447 1031 καὶ
469 992 558 1032 ποσὶ
579 992 645 1031 καὶ
667 989 744 1046 νόῳ
769 1006 1022 1043 τετραγωνον,
1054 988 1151 1031 α’νευ
1172 990 1306 1044 ψόγου
1328 990 1580 1043 τετυγμένον.

607 1032 766 1089 (Desunt
790 1047 954 1090 quinque
980 1049 1135 1090 versus.)

746 1121 922 1169 Ἀντιστρ.
948 1121 1000 1159 α’.

163 1180 270 1221 Οὐδέ
300 1196 366 1233 μοι
398 1181 585 1234 ἐμμελέως
615 1181 656 1221 τὸ
688 1181 927 1222 Πιττάκειον
956 1181 1113 1233 νέμεται

162 1239 287 1277 καίτοι
319 1245 449 1289 σοφοῦ
477 1238 583 1291 παρὰ
605 1238 734 1289 φωτὸς
757 1237 981 1290 εἰρημένον·
1013 1232 1227 1308 χ,αλεπὸν
1259 1234 1367 1288 φάτ’
1399 1236 1583 1278 ἐσθλὸν

1028 1294 1260 1364 έ’μμεναι.

121 1359 142 1389 5
167 1349 265 1398 Θεὸς
292 1348 344 1390 ἂν
371 1350 492 1402 μόνος
513 1348 618 1390 τοῦτ’
643 1349 721 1401 ἔχοι
742 1350 875 1403 γέρας·
907 1350 1036 1403 α’νὸρα
1059 1348 1096 1388 δ’
1119 1348 1192 1390 οὐκ
1215 1349 1291 1390 ἔστι
1313 1367 1365 1402 μη
1387 1348 1432 1390 οὗ
1455 1349 1583 1391 κακὸν

1030 1406 1207 1459 ἔμμεναι,

159 1459 207 1503 ὃν
236 1458 435 1530 ἆμαχανος
464 1462 649 1515 συμφορα
674 1463 847 1530 καθέλῃ.

163 1520 348 1591 Πραξαις
373 1535 446 1574 γαο
477 1523 520 1560 εὐ
553 1526 631 1569 πᾶς
661 1515 762 1573 ἀνὴρ
794 1517 971 1573 ἀγαθός,

159 1576 279 1624 κακὸς
309 1575 348 1617 δ’
382 1579 418 1618 εἰ
446 1583 599 1629 κακῶς,
630 1577 697 1617 καὶ

160 1632 460 1674 τούπιπλεῐστον
490 1646 656 1687 αριστοι,
687 1632 779 1681 τούς
808 1647 852 1672 κε
883 1632 970 1673 θεοὶ
1000 1631 1199 1683 φιλέωσιν,

419 1746 421 1749 ·
750 1725 918 1776 Ἐπῳὸὀς
942 1730 997 1766 α’.

95 1793 135 1824 10
148 1783 304 1852 ”Εμοιγ’
341 1787 506 1854 ἐξαρκεῖ,
560 1833 575 1840 ‚

160 1839 204 1890 ὀς
233 1843 284 1883 ἂν
314 1845 366 1896 μὴ
398 1841 521 1893 κακὸς
552 1841 577 1900 ᾐ

158 1898 254 1951 μηδ’
284 1900 390 1954 ἄγαν
419 1898 660 1953 ἀπάλαμνος,
693 1898 805 1948 εἰδώς
835 1899 872 1953 γ’
897 1897 1127 1951 ὀνησίπολιν
1148 1901 1285 1952 δίκαν,
1326 1894 1440 1953 ὑγιὴς
1459 1900 1579 1955 ἀνήρ.

161 1953 222 1995 Ου’
252 1974 321 2023 μιν
352 1955 428 2029 ἐγὼ
455 1956 712 2010 μωμήσομαι·

160 2011 224 2064 (οὐ
255 2029 330 2068 γαρ
361 2014 434 2083 ἐγὼ
466 2014 712 2066 φιλόμωμος·
719 2013 734 2067 )

94 2073 134 2104 15
156 2084 236 2109 των
264 2069 337 2124 γὰρ
367 2069 542 2135 ἠλιθίων
571 2068 747 2140 ἀπείρων
776 2068 956 2134 γενέθλα,

160 2125 303 2166 Πάντα
332 2141 392 2166 τοι
422 2122 537 2177 καλα,
569 2128 671 2166 τοῖσί
697 2123 736 2166 τ’
766 2120 905 2178 αι’σχρα
935 2120 987 2178 μὴ
1019 2124 1208 2177 μέμικται.
1255 2172 1268 2188 .

755 2222 913 2270 Στροφή
940 2225 991 2270 β’-

163 2284 357 2324 Τοῦνεκεν
388 2285 437 2324 οὔ
466 2281 551 2323 ποτ’
587 2278 660 2337 ἐγώ
690 2282 730 2323 τὸ
763 2284 814 2335 μὴ
846 2281 1034 2336 γενέσθαι
1065 2279 1233 2322 δυνατόν

160 2338 362 2393 διζήμενος
393 2340 533 2381 κενεὰν
565 2340 602 2388 ἐς
633 2339 833 2393 α’πρακτον
865 2339 1001 2379 ἐλπίδα
1031 2344 1172 2403 μοῖοαν
1202 2341 1342 2387 αἰῶνος
1373 2338 1514 2391 βαλέω,

92 2402 134 2432 20
156 2412 402 2449 παναμωμον
421 2397 655 2448 ἄνθρωπον,
679 2395 888 2450 εὐρυέδους
909 2392 993 2436 ὅσοι
1013 2391 1164 2449 καοπὸν
1186 2395 1389 2448 αἰνυμεθα
1411 2395 1575 2448 χθονός,

161 2453 244 2493 ἐπει
276 2451 400 2494 οὔτιν’
436 2453 565 2505 εὖοὼν
595 2451 831 2523 ἀπαγγελέω.

161 2507 323 2556 Πάντας
354 2507 394 2550 δ’
429 2510 615 2562 ἕπαίνημι
645 2510 711 2550 καὶ
743 2508 877 2559 φιλέω,

161 2563 264 2606 ἑκών
294 2565 400 2613 ὅστις
431 2565 524 2622 ἔρδῃ

158 2622 282 2674 μηδὲν
314 2623 492 2677 αἰσχρόν·
534 2622 690 2678 ἀνάγκα
721 2620 757 2661 δ’
791 2619 883 2660 οὐδὲ
915 2620 1003 2660 θεοὶ
1032 2636 1236 2672 μαχονται.

273 2701 353 2743 Sed
385 2701 592 2757 Bergkius
625 2701 798 2757 (Poetae
829 2698 946 2753 lyrie.
970 2699 1116 2743 Graec.
1144 2699 1242 2740 edit.
1266 2698 1342 2753 ΙΙΙ,
1364 2714 1403 2753 p.
1431 2698 1569 2750 1114),

161 2757 231 2811 qui
262 2772 356 2800 vere
387 2735 493 2800 hoco
498 2758 602 2799 vidit
632 2770 826 2799 versuum
847 2769 1042 2796 numeros
1065 2756 1109 2796 in
1132 2755 1269 2810 epodo
1291 2756 1459 2797 eosdem
1481 2769 1570 2796 esse

161 2814 232 2867 qui
262 2815 306 2855 in
337 2815 521 2870 strophis
554 2812 935 2870 deprehenduntur,
968 2811 1228 2854 Simonidem
1259 2812 1387 2854 nullis
1418 2812 1462 2853 in
1487 2811 1568 2852 hoc

230 2894 328 2918 PROT.
354 2894 454 2916 PLAT.
1286 2884 1305 2914 3
