1907 3230
580 150 911 188 PROTAGORAS.
937 149 976 187 P.
1004 153 1068 185 335
1094 149 1161 184 ST.

1503 151 1583 193 119

164 258 448 307 συνουσίαις,
484 253 613 296 Ἀλλά
643 268 732 305 τοι,
775 254 908 306 ἔφην,
948 245 984 292 ὦ
1015 250 1316 305 Πρωταγόρα,
1357 249 1459 292 οὐδ’
1495 249 1580 304 ἐγώ

123 326 363 378 λιπαρῶς
384 325 466 376 ἔχω
495 318 615 373 παρά
645 317 698 360 τὰ
730 316 801 359 σοὶ
832 319 1055 359 δοκοῦντα
1085 316 1165 371 τὴν
1197 319 1446 359 συνουσίαν
1476 315 1582 397 ἡμῖν

166 393 423 443 γίγνεσθαι,
464 383 562 430 ἀλλ’
605 383 786 428 ἐπειδὰν
825 383 881 426 σὺ
911 384 1053 439 βούλῃ
1086 383 1373 438 διαλέγεσθαι
1403 399 1462 432 ως
1495 383 1580 437 ἐγώ

166 456 361 510 δύναμαι
391 457 601 508 «ξ’,πεσθαι
633 453 731 495 τότε
762 464 833 494 σοι
864 451 1128 504 διαλέξομαι.

1189 449 1247 493 σὺ
1277 452 1360 505 μὲν
1389 452 1490 505 γάρ,
1522 449 1582 500 ὠς

118 538 134 564 5
165 524 339 577 λέγεται
371 523 471 576 περὶ
501 523 599 574 σοῦ,
632 535 718 575 φης
749 519 797 560 δε
829 519 902 560 καὶ
933 516 1084 572 αὐτός,
1118 518 1191 560 καὶ
1224 519 1275 561 ἐν
1305 520 1581 573 μακρολογία

163 591 237 631 και
269 591 319 632 ἐν
348 590 624 668 βραχυλογία
645 582 738 636 οἶός
758 585 800 628 τ’
831 582 871 628 εἶ
891 587 1137 635 συνουσίας
1158 590 1407 627 ποιεισθαι·
1440 583 1581 638 σοφὸς

162 656 247 709 γὰρ
280 654 336 698 εἶ·
371 655 457 710 ἐγώ
488 656 537 698 δὲ
567 650 620 696 τὰ
650 652 798 708 μακρὰ
829 653 963 695 ταῦτα
994 651 1232 705 ἀδύνατος,
1267 652 1362 695 ἐπεὶ
1395 652 1577 706 ἐβουλό-
1604 668 1630 703 (j

159 739 250 776 μην
290 722 347 764 ἄν
387 717 479 772 οἷός
517 720 555 763 τ’
596 718 723 763 εἶναι.

784 718 897 762 ἀλλὰ
935 720 984 761 σὲ
1025 720 1161 775 ἐχρῆν
1196 718 1303 774 ἡμῖν
1333 727 1580 774 συγχωρεῖν

159 789 237 831 τὸν
277 788 501 844 ἀμφότερα
541 788 818 843 δυνάμενον,
856 788 931 828 ἵνα
969 788 1190 828 συνουσία
1231 785 1450 840 ἐγίγνετο·
1491 788 1579 827 νῦν

106 870 138 897 10
161 857 208 897 δὲ
249 855 403 910 ἐπειδὴ
442 854 525 897 οὐκ
567 855 758 906 ἐθέλεις,
797 855 872 896 καὶ
904 854 1006 908 ἐμοί
1032 868 1096 902 τις
1127 852 1314 907 ἀσχολία
1345 852 1463 907 ἐστί,
1504 853 1579 895 καὶ

158 921 240 963 οὐκ
272 919 330 964 ἂν
360 917 454 971 οἶός
484 921 522 963 τ’
557 926 653 976 εἴην
685 933 754 963 σοι
785 919 1358 975 παραμεῖναίάποτείνοντι
1378 919 1578 975 μακρούς

157 991 319 1043 λόγους
340 1016 392 1020 —
416 990 570 1032 ἐλθεῖν
599 990 687 1044 γάρ
719 991 798 1031 ποί
825 1004 878 1042 με
909 989 1050 1030 δεῖ-
1073 984 1181 1042 εἶμι·
1217 987 1314 1030 ἐπεὶ
1345 988 1419 1029 καὶ
1450 991 1574 1030 ταῦτ’

158 1050 214 1097 ἂν
246 1061 350 1106 ἴσως
381 1055 465 1098 οὐκ
496 1055 644 1111 ἀηδῶς
673 1067 757 1098 σου
788 1054 971 1110 ἤκουον.

267 1126 354 1165 Καὶ
393 1123 485 1178 ἅμα
531 1122 655 1165 ταῦτ’
703 1121 840 1164 εἰπών
885 1119 1138 1177 ἀνιστάμην
1182 1119 1240 1172 ὣς
1284 1121 1441 1164 ἀπιών.

1503 1125 1583 1164 καί

101 1207 134 1231 15
157 1205 245 1243 μου
285 1189 585 1244 ἀνισταμένου
626 1191 977 1245 ἐπιλαμβάνεται
1014 1187 1034 1231 ὁ
1075 1191 1272 1238 Καλλίας
1308 1191 1384 1244 τῆς
1427 1189 1571 1244 χειρὸς
1595 1205 1626 1240 D

154 1260 207 1312 τῇ
239 1258 376 1312 δεξιᾷ,
409 1260 462 1312 τῇ
493 1256 534 1299 δ’
567 1256 782 1313 ἀριστερᾷ
813 1253 1083 1310 ἀντελάβετο
1114 1259 1194 1298 τοῦ
1225 1258 1444 1310 τρίβωνος
1473 1272 1573 1299 του-

151 1399 220 1436 σὸν
253 1400 375 1436 τῶνδε
401 1415 440 1437 τε
467 1401 575 1446 ἔργον
595 1422 635 1426 -
654 1399 825 1457 ἀναπλῃ-

151 1448 255 1498 ροῦν.
305 1446 398 1482 Ibid.
430 1458 466 1501 p.
492 1451 534 1481 27
560 1446 607 1481 B:
649 1447 715 1481 σὸν
753 1450 827 1482 οὐν

153 1490 263 1535 ε”ργον
290 1491 414 1536 λέγειν
441 1505 489 1526 αν
516 1505 575 1537 ειη
595 1512 637 1517 --
661 1491 702 1527 τὸ
710 1491 827 1545 μετὰ

152 1538 276 1571 τοῦτο
304 1535 415 1581 Gorg.
440 1548 476 1581 p.
503 1541 568 1571 459
594 1536 641 1570 Ε.
676 1533 720 1572 οὗ
754 1538 827 1582 γὰρ

152 1579 220 1616 σὸν
239 1579 358 1625 ἔργον.
383 1581 589 1638 Xenoph.
605 1582 759 1617 Memor
774 1583 827 1617 111

151 1631 183 1680 3,
210 1629 250 1660 3.
281 1628 394 1661 τοῦτο
426 1638 496 1660 ουκ
529 1624 622 1670 ἐμὸν
652 1625 759 1678 οἶμαι
784 1626 824 1662 τὸ

152 1669 262 1714 ἔργον
289 1669 402 1705 εἶναι.
441 1671 651 1706 Dictionem
677 1672 824 1716 copiose

150 1715 352 1765 illustravit
383 1715 588 1750 Valcken.
630 1716 677 1751 ad
708 1717 824 1751 Phoe-

149 1760 225 1793 niss
265 1772 294 1793 v.
320 1764 396 1794 447.
423 1760 553 1795 Stallb.

196 1809 226 1840 3.
268 1802 468 1839 ἐπειδαν
505 1804 554 1840 σύ
591 1803 740 1855 βούλη
766 1808 823 1851 --]

149 1849 342 1884 Sententia
366 1849 457 1884 haec
483 1851 554 1884 est:
588 1850 670 1885 Non
695 1843 733 1884 id
759 1851 825 1886 fla-

149 1893 248 1938 gito,
287 1896 329 1928 ut
365 1897 516 1938 praeter
546 1897 649 1929 tuam
681 1897 825 1930 senten-

148 1922 240 1972 tiam
267 1940 305 1973 et
329 1939 563 1973 voluntatem
597 1940 824 1991 colloquium

147 1984 246 2017 inter
269 1994 328 2018 me
355 1986 393 2018 et
416 1985 453 2017 te
480 1984 674 2027 habeatur,
701 1985 766 2020 sed
790 1985 821 2020 si

148 2027 242 2062 velis
275 2039 319 2062 ea
350 2028 492 2063 ratione
532 2029 712 2073 colloqui,
750 2041 825 2074 qua

149 2083 220 2116 ego
247 2073 393 2122 assequi
409 2084 577 2124 possum,
602 2078 726 2109 tecum
751 2076 824 2110 col-

149 2117 292 2167 loquar,
317 2129 373 2151 sm
398 2118 536 2159 minus,
562 2118 631 2154 hac
656 2119 822 2164 disputa-

148 2162 249 2197 tione
275 2162 387 2197 missa
411 2162 535 2197 abibo.

195 2223 225 2253 7.
258 2218 310 2253 τὰ
343 2215 497 2262 μακρὰ
530 2219 678 2254 ταῦτα
711 2217 822 2256 ἆὸύ-

149 2264 309 2315 νατος]
344 2263 388 2297 Η.
420 2275 449 2299 e,
484 2261 529 2298 οὐ
562 2261 736 2309 δύναμαι
774 2265 821 2301 τὰ

149 2306 274 2361 μακρά
306 2310 442 2348 ταῦτα
460 2311 517 2342 .111;
549 2319 634 2343 mox
667 2310 757 2344 dicit
782 2323 821 2345 σε

150 2373 188 2378 -
231 2351 297 2387 τὸν
339 2349 540 2398 ἀμφότερα
590 2354 821 2396 δυναμενον.

147 2397 288 2432 Eodem
312 2387 423 2432 modo
450 2397 615 2438 δυνατός
646 2410 726 2433 cum
761 2411 823 2434 ac-

147 2442 312 2476 cusativo
352 2443 580 2478 construitur
610 2443 752 2481 Politic
785 2456 820 2488 p.

148 2487 276 2522 295B·
304 2487 417 2522 τοῦτο
437 2484 613 2541 &vvamtog
621 2485 684 2525 ὦν.
686 2488 822 2543 Hipp.

147 2531 235 2566 min.
261 2543 296 2576 p.
324 2535 388 2567 367
413 2533 461 2567 E:
498 2529 642 2567 οὐκοῦν
675 2531 693 2568 ὁ
729 2530 821 2578 ἀγα-

147 2575 220 2616 θὸς
251 2591 315 2611 και
338 2575 480 2631 σοφὸς
508 2579 721 2631 γεωμέτρης
759 2580 822 2613 δυ-

148 2618 365 2662 νατώτατός
391 2635 432 2666 γε
459 2619 679 2667 ἀμφότερα·
714 2624 821 2658 Pror-

148 2677 208 2700 sus
240 2678 320 2701 cum
352 2667 422 2702 hoc
447 2668 529 2702 loco
555 2669 725 2721 congruit
750 2668 822 2703 Me-

148 2721 232 2747 non.
257 2722 293 2755 p.
319 2716 362 2746 94
388 2712 536 2747 B1u0c1.
562 2713 651 2753 τοὺς
677 2717 821 2767 φαυλο-

150 2752 286 2796 τάτους
345 2753 564 2796 ἁδυνατους
622 2757 821 2801 γεγονέναι

148 2801 260 2834 τοῦτο
285 2798 326 2836 τὸ
352 2815 518 2846 πραγμα.
555 2801 736 2844 Quocirca
753 2803 822 2837 hoc

148 2843 240 2879 (110113
264 2845 448 2881 Socrates.
482 2858 562 2891 ego
598 2858 703 2882 vero
737 2858 820 2881 non

897 1413 1077 1446 possum
1118 1402 1279 1445 longas
1320 1402 1432 1436 istas
1473 1413 1575 1437 ora-

896 1447 1047 1481 tiones
1079 1447 1248 1480 habeie
1281 1448 1359 1480 aut
1390 1447 1573 1482 intelli—

897 1502 1022 1536 ger3e
1082 1502 1343 1542 quanquam
1402 1492 1572 1527 vellem

897 1527 1010 1570 mihi
1035 1547 1131 1571 esse
1158 1536 1254 1571 eius
1279 1536 1345 1570 rei
1375 1537 1573 1571 faculta-

897 1584 998 1618 tem.
1026 1581 1157 1616 Stallb.

943 1630 973 1662 8.
1000 1638 1046 1662 σε
1065 1624 1216 1683 ἐχρῆν
1242 1624 1264 1670 ἡ
1310 1631 1353 1660 ἰν
1380 1638 1502 1670 συγχ,
1528 1646 1570 1651 —-

898 1672 973 1705 ἱνα
1000 1683 1029 1705 σ.
1058 1670 1268 1714 ἐγίγνετο
1313 1672 1356 1706 te
1382 1672 1572 1715 oporte-

896 1717 974 1750 bat
1008 1716 1138 1749 nobis
1176 1716 1423 1750 concedere
1456 1716 1572 1758 (quod

895 1771 993 1794 nunc
1008 1771 1112 1794 secus
1127 1761 1210 1802 est)
1226 1762 1267 1794 1113
1280 1760 1572 1803 colloquium

897 1806 1041 1839 fieret
1059 1805 1177 1849 [quod
1202 1806 1240 1838 in
1265 1805 1335 1839 hac
1359 1806 1426 1839 tua
1449 1805 1570 1855 pervi-

897 1850 1000 1884 cacia
1046 1861 1119 1884 non
1158 1850 1286 1905 potest
1327 1849 1566 1905 continuari).

898 1894 1064 1944 Sympos.
1094 1898 1154 1930 181
1181 1894 1227 1928 E:
1255 1896 1352 1938 χρῆν
1379 1894 1421 1930 δὲ
1446 1892 1568 1939 νόμον

897 1944 997 1974 εἰναι
1030 1963 1071 1968 -
1103 1941 1167 1974 ἵνα
1216 1939 1274 1992 μὴ
1318 1939 1372 1980 εἰς
1421 1936 1569 1982 αδηλον

894 1983 1014 2028 πολλή
1058 1982 1208 2027 σπουδὴ
1252 1980 1492 2028 ἀνηλιᾛσκετο
1535 1996 1567 2020 v.

894 2028 1048 2083 Kriiger
1065 2028 1127 2063 Gr.
1156 2033 1209 2066 54
1235 2033 1267 2071 8,
1293 2033 1325 2063 8.

940 2078 992 2108 11.
1024 2072 1334 2109 ἀποτείνοντι
1359 2073 1569 2118 μακρούς

893 2116 1074 2173 λόγους]
1108 2118 1148 2155 P.
1174 2122 1239 2153 336
1266 2118 1309 2153 C.
1335 2119 1480 2164 μακρὸν
1508 2119 1569 2154 λό-

891 2176 960 2207 γον
986 2161 1213 2207 ἀποτείνων,
1246 2175 1281 2208 p.
1303 2167 1423 2198 361A.
1457 2164 1568 2209 Gorg.

923 2208 1050 2243 ,465ss
1076 2208 1202 2262 ibique
1228 2210 1352 2243 annot.
1382 2208 1568 2252 Proxima,

893 2253 974 2288 επεὶ
995 2253 1060 2287 καὶ
1079 2255 1175 2288 ταῦτ
1217 2247 1490 2297 αν-ἥκουον,
1510 2256 1568 2289 sic

892 2297 1097 2342 intelligas:
1148 2308 1406 2342 quanquam
1454 2299 1567 2333 haec

893 2354 1072 2387 quoque
1097 2343 1313 2377 lubenter
1339 2354 1390 2378 ex
1415 2345 1460 2378 te
1486 2355 1565 2378 au-

894 2387 1074 2421 dierim:
1101 2388 1199 2430 quod
1217 2389 1344 2422 tamen
1361 2388 1566 2423 11111111111110

893 2443 965 2466 non
990 2432 1088 2469 licet
1115 2431 1242 2469 Stallb

939 2492 992 2522 16.
1007 2490 1086 2523 τοῦ
1107 2489 1331 2532 τρίβωνος
1354 2489 1564 2533 τουτουί]

892 2534 1002 2577 Apud
1026 2533 1310 2589 Xenophontem
1336 2533 1460 2576 (Mem
1493 2534 1507 2567 I
1534 2537 1565 2569 6,

893 2578 1156 2632 2)Antiphon:
1186 2576 1350 2622 ἷμοῖτιον,
1377 2578 1512 2622 inquit,
1538 2574 1566 2614 ὦ

895 2621 1112 2664 Σώκρατες,
1146 2621 1343 2678 ἠμφίεσαι
1367 2636 1411 2658 ου
1445 2624 1564 2667 μόνον

893 2670 1056 2713 φαῦλον,
1094 2666 1191 2702 ἀλλὰ
1224 2667 1265 2703 τὸ
1297 2666 1389 2704 αὐτὸ
1422 2669 1564 2712 θέρους

892 2725 930 2747 τε
967 2715 1031 2748 καὶ
1067 2715 1261 2757 χειμῶνος.
1310 2714 1413 2748 Idem
1449 2714 1565 2758 igitur

892 2757 1153 2792 vestimentum
1194 2758 1247 2793 ibi
1287 2757 1457 2802 ἱμάτιον,
1503 2758 1563 2793 hic

892 2804 1030 2846 τρίβων
1060 2803 1205 2839 dicitur
1255 2794 1377 2838 Etiam
1409 2787 1563 2838 30110113,-

892 2849 965 2881 stes
989 2847 1035 2882 ad
1055 2848 1241 2893 Aristoph.
1266 2849 1362 2883 Plut.
1380 2860 1411 2883 v.
1430 2852 1494 2883 842
1521 2846 1562 2883 τὸ
