1939 3214
341 145 420 187 164
922 139 1159 175 PLATONrs

336 245 396 295 ὠς
426 243 538 286 κατα
569 243 651 298 τὴν
683 242 794 297 ἐμὴν
827 240 1069 296 ὁμολογίαν
1098 237 1124 294 ἡ
1157 242 1294 294 σοφία
1327 239 1451 281 ἐστὶν
1484 239 1621 294 ἰσχύς.
1673 237 1757 292 ἐγώ

337 313 386 354 δὲ
418 311 620 366 οὐδαμοῦ
652 308 749 352 οὐδ’
786 309 986 351 ἐνταῦθα
1018 305 1222 362 ὁμολογῶ
1253 305 1358 356 τοὺς
1389 305 1610 355 δυνατοὺς
1632 307 1759 360 ἰσχυ-

246 388 311 422 351
339 378 445 431 ρούς
476 376 603 431 εἶναι,
634 376 738 426 τούς
758 371 911 431 μέντοι
933 374 1145 429 ἰσχυρούς
1175 373 1416 423 δυνατούς·
1450 371 1505 414 οὐ
1533 372 1619 426 γὰρ
1649 371 1760 415 ταύ-

337 446 416 489 τὸν
455 443 569 488 εἶναι
607 446 806 498 δύναμίν
845 458 892 485 τε
930 443 1004 484 καὶ
1045 441 1193 496 ἰσχύν,
1233 439 1348 483 ἀλλὰ
1377 439 1426 482 τὸ
1458 441 1540 494 μὲν
1568 440 1642 482 καὶ
1672 439 1759 482 ἀπὸ

340 513 582 567 ἐπιστήμης
618 514 878 566 γίγνεσθαι,
917 508 999 564 τὴν
1040 511 1252 563 δύναμιν,
1291 509 1365 550 καὶ
1403 506 1489 550 ἀπὸ
1519 508 1680 562 μανίας
1708 523 1756 549 τε
1791 522 1806 547 5

339 582 414 622 καὶ
459 579 546 622 ἀπὸ
590 582 761 632 θυμοῦ,
803 576 934 632 ἰσχύν
972 577 1022 619 δὲ
1060 575 1147 618 ἀπὸ
1188 576 1368 630 φύσεως
1408 575 1483 617 καὶ
1523 573 1763 628 εὐτροφίας

338 650 429 689 τῶν
468 647 699 701 σωμάτων.
761 644 877 687 οὕτω
917 645 966 688 δὲ
1005 643 1138 686 κάκεῖ
1163 641 1218 686 οὐ
1248 642 1416 686 ταύτὸν
1448 639 1562 685 εἶναι
1591 641 1764 696 θάρσος

339 730 386 756 τε
424 714 497 756 καὶ
537 713 758 768 ἀνδρείαν.
818 711 932 754 ὥστε
976 714 1214 767 συμβαίνει
1254 710 1358 761 τούς
1400 710 1483 765 μὲν
1528 707 1765 763 ἀνδρείους

338 781 623 836 θαρραλέους
662 777 800 834 εἶναι,
840 778 898 834 μὴ
936 780 1088 834 μέντοι
1125 779 1231 829 τούς
1267 794 1318 832 γε
1356 777 1640 832 θαρραλέους
1678 775 1766 817 οἶν-

294 856 324 891 Β
343 850 521 903 δρείους
550 846 737 898 πάντας·
779 848 951 902 θάρσος
980 847 1063 901 μὲν
1092 846 1179 901 γάρ
1212 845 1283 887 καὶ
1314 844 1400 887 ἀπὸ
1429 847 1583 899 τέχνης
1611 846 1763 897 γίγνε-
1781 859 1812 884 10

340 932 412 957 ται
442 915 702 969 ἀνθρώποις
733 916 806 957 καὶ
838 913 924 957 ἀπὸ
954 918 1109 968 θυμοῦ
1131 929 1178 956 τε
1200 913 1273 955 καὶ
1295 911 1382 954 ἀπὸ
1405 914 1579 966 μανίας,
1612 910 1764 964 ὥσπερ

340 982 366 1038 ἡ
399 984 613 1037 δύναμις,
653 981 841 1035 ἀνδρεία
880 983 928 1024 δὲ
969 980 1056 1023 ἀπὸ
1089 981 1269 1036 φύσεως
1299 981 1372 1022 καὶ
1404 978 1646 1033 εὐτροφίας
1675 979 1765 1020 τῶν

341 1053 499 1104 ψυχῶν
529 1051 741 1104 γίγνεται.

457 1117 561 1172 Cap.
584 1117 765 1159 XXXV.
800 1118 956 1170 Λέγεις
986 1117 1037 1158 δέ
1064 1131 1200 1164 τινας,
1234 1117 1365 1169 ἔφην,
1397 1109 1430 1156 ὦ
1465 1109 1764 1167 Πρωταγόρα,

457 1268 488 1298 5.
521 1264 693 1306 μανίας
724 1276 770 1298 τε
801 1262 885 1297 BT:
900 1273 986 1319 pro
1019 1275 1059 1297 τε
1083 1262 1199 1296 habet
1224 1273 1265 1303 γε
1291 1260 1351 1294 1116
1377 1262 1414 1294 et
1437 1260 1551 1304 paulo
1576 1260 1674 1304 post
1687 1258 1769 1294 Sto-

344 1309 460 1343 baeus
493 1307 587 1342 Flor.
614 1312 644 1350 7,
673 1312 714 1342 79
745 1309 860 1342 verba
894 1306 964 1361 ἐγω
998 1306 1042 1342 δὲ
1077 1303 1252 1348 οὐδαμοῦ
1278 1326 1321 1330 -
1347 1314 1483 1350 ψυχων
1515 1306 1686 1348 γίγνεται
1717 1312 1767 1348 (p,

345 1358 408 1387 351
434 1353 480 1397 B)
513 1353 682 1387 afferens.
777 1356 806 1389 6,
833 1350 921 1387 α’πὸ
951 1353 1037 1386 ante
1062 1352 1195 1395 θυμοῦ
1221 1361 1292 1384 om.
1321 1349 1360 1387 Τ,
1454 1354 1485 1385 8.
1511 1350 1768 1399 συμβαίνει

344 1397 432 1432 BT:
470 1399 698 1442 συμβαίνειν
734 1398 930 1432 Stobaeus.
1027 1401 1077 1431 13.
1115 1398 1349 1440 γίγνεται,
1386 1394 1486 1437 quod
1527 1395 1583 1428 est
1618 1405 1656 1427 1n
1690 1393 1768 1435 BT,

350 1443 505 1477 damnat
536 1443 826 1494 Η11861118ῃ86ε1
856 1443 996 1477 talibus
1025 1441 1134 1476 Plato
1159 1405 1409 1485 Protag0r⁷qae
1415 1439 1561 1473 dicendi
1586 1420 1768 1473 rationerti

345 1488 597 1533 designavisse
622 1487 783 1524 videtur

395 1626 446 1657 10.
480 1620 572 1665 θοὶρ
584 1620 828 1662 ‹rog—‹inf›
857 1620 1020 1666 τέχνης

347 1667 482 1712 γιᾞγν]
515 1666 569 1701 De
601 1668 671 1701 hoc
703 1667 782 1701 loco
815 1667 910 1702 conf.
943 1667 1022 1700 Ari·
1093 1618 1239 1664 qustum
1265 1621 1332 1664 τῆς
1364 1620 1494 1663 ψυχῆς
1527 1616 1639 1653 ἕνεκα
1671 1619 1771 1672 κἀθ

1093 1665 1258 1700 ιστοὲναι.
1297 1666 1544 1699 διατίθενται
1577 1661 1621 1698 δε
1648 1658 1772 1706 αυτὴν

347 1713 433 1746 stot.
474 1711 556 1748 Eth.
581 1712 660 1746 Nic.
687 1712 739 1745 III
767 1716 805 1746 11
833 1712 871 1746 et
902 1711 1023 1756 prole-

346 1767 444 1800 gom.
462 1768 497 1801 p.
517 1760 569 1792 18.
614 1756 807 1791 Sententia
830 1757 924 1792 haec
949 1756 1022 1790 est:

347 1802 385 1836 Si
410 1801 619 1836 urinatores
643 1802 679 1835 in
706 1803 840 1846 puteos
865 1813 902 1836 se
928 1801 1024 1835 deii-

347 1847 468 1889 ciunt,
511 1857 739 1890 quamquam
780 1846 833 1880 illi
875 1846 1025 1890 quidem

346 1903 426 1926 rem
464 1892 603 1926 audent
634 1891 715 1925 aliis
746 1892 953 1926 terribilem
986 1892 1023 1925 et

345 1936 612 1981 periculosam,
644 1937 771 1971 tamen
802 1938 918 1971 fortes
949 1946 1023 1970 non

347 1981 497 2016 dicendi
537 1983 639 2020 sunt,
679 1982 822 2031 utpote.
851 1980 1025 2030 urinandi

347 2027 438 2060 artis
461 2026 592 2070 periti3
623 2036 692 2059 nec
723 2026 842 2070 magis
873 2037 935 2060 eos
960 2025 1025 2068 qui

346 2072 472 2105 mente
505 2071 543 2104 et
565 2081 622 2104 1ra
645 2070 789 2104 incitati
814 2070 932 2104 simile
959 2069 1024 2104 ali-

348 2115 439 2158 quid
456 2115 580 2149 facere
605 2115 885 2165 aggrediuntur,
912 2116 1026 2149 fortes

349 2161 496 2194 dixeris.
525 2159 722 2194 Fortitudo
741 2161 840 2195 enim
865 2171 934 2194 nec
958 2161 1027 2203 im-

346 2207 450 2249 petu,
476 2204 538 2248 qui
564 2205 669 2238 brevi
695 2205 933 2247 defervescit,
958 2216 1026 2240 nec

348 2251 428 2284 arte
454 2250 530 2284 ulla
562 2249 789 2291 continetur,
824 2260 920 2292 quae
952 2250 1027 2284 suis

348 2305 519 2337 quaeque
569 2295 701 2328 finibus
748 2295 1029 2339 circumscripta

349 2340 415 2382 est,
442 2339 508 2373 sed
533 2350 577 2374 ex
594 2339 766 2374 universa
788 2340 949 2374 hominis
965 2351 1028 2374 na-

347 2385 434 2418 tura
448 2383 636 2426 animique
654 2385 945 2419 conformatione
961 2396 1028 2419 na-

348 2429 463 2464 scitur
501 2430 614 2472 atque
651 2429 821 2463 omnibus
857 2430 958 2464 vitae
991 2431 1029 2464 et

353 2474 445 2508 locis
471 2475 509 2509 et
532 2474 765 2518 temporibus
783 2476 955 2509 constans
973 2476 1029 2509 est

351 2519 391 2553 et
409 2519 570 2553 stabilis.

397 2568 448 2597 12.
485 2563 684 2609 ἀνδρεία
720 2561 810 2599 ἀπὸ
851 2559 957 2607 φύσ.
995 2577 1028 2601 κ

351 2604 428 2643 εὖτ
438 2610 609 2653 ροφίας
647 2624 677 2646 τ.
715 2617 757 2653 ψ.
797 2610 849 2653 qm]
892 2608 1028 2642 forti-

349 2654 459 2688 tudo
477 2664 499 2688 a
516 2655 681 2689 natura
698 2654 908 2697 bonaque
927 2654 1030 2688 edu—

351 2698 535 2733 catione
554 2699 806 2733 animorum
824 2698 1028 2734 exsistit.

350 2755 382 2781 v
395 2743 441 2778 de
454 2754 532 2787 rep.
542 2743 640 2788 IIIp.
650 2744 752 2779 410C
767 2756 803 2778 οι
818 2739 1030 2778 καθιστάν-

352 2801 413 2829 τες
462 2800 627 2842 μουσικη
676 2790 740 2824 καὶ
789 2788 1029 2843 γυμναστικῇ

351 2833 555 2869 παιδευειν
577 2862 582 2868 .
605 2863 611 2869 .
633 2832 929 2868 κινδυνεύουσιν
962 2832 1031 2878 οἷμ-

1093 1708 1164 1754 τὴν
1205 1709 1388 1744 διοῖνοιαν
1434 1707 1470 1743 οἷ
1504 1721 1588 1763 μεν
1628 1720 1771 1762 γυμνα-

1094 1757 1203 1801 στικῇ
1221 1767 1372 1809 ακρατςρ
1391 1753 1623 1811 χρησάμενοι
1639 1750 1772 1809 ἀγριώ-

1094 1813 1202 1851 τερον
1227 1812 1294 1835 του
1322 1792 1592 1838 δέοντος..οἷ
1614 1796 1657 1832 δε
1683 1811 1772 1842 μου·

1096 1844 1182 1903 σικῇ
1202 1841 1482 1900 μαλακώτεροι
1483 1836 1532 1878 αὖ
1553 1845 1770 1896 γίγνονται·

1092 1890 1157 1924 καὶ
1194 1889 1302 1946 μὴν
1314 1889 1357 1924 τό
1388 1901 1429 1933 γε
1457 1885 1592 1941 ἄγριον
1624 1886 1667 1922 τὸ
1701 1890 1772 1922 θυ-

1094 1933 1249 1980 μοειδες
1286 1948 1333 1968 οιν
1359 1937 1426 1978 τῆς
1457 1931 1607 1988 φύσεως
1632 1932 1771 1988 παρέχ-

1095 1992 1191 2019 οιτο,
1223 1980 1290 2014 και
1313 1975 1474 2035 ὀρθῶς
1485 1976 1566 2021 μὲν
1579 1990 1772 2032 τραφεν

1094 2023 1318 2065 ανδρειον
1345 2021 1399 2057 ἂν
1426 2023 1499 2067 εἴη
1524 2018 1602 2057 κτὲ.

1142 2074 1193 2104 14.
1212 2069 1298 2112 Λέγ
1309 2081 1376 2108 εις
1402 2068 1450 2102 δέ
1477 2080 1668 2107 τινας-
1627 2067 1682 2112 ]
1710 2067 1773 2101 So

1096 2115 1216 2148 crates
1247 2124 1361 2156 quum
1393 2112 1441 2146 ad
1465 2112 1693 2156 Protagorae
1719 2121 1775 2145 ar-

1098 2158 1421 2203 gumentationem
1475 2167 1571 2201 quae
1619 2157 1773 2199 diceret,

1098 2214 1173 2238 non
1197 2203 1366 2245 haberet,
1393 2202 1506 2236 aliam
1523 2201 1688 2236 instituit
1704 2201 1774 2235 dis-

1096 2248 1349 2292 putationem,
1382 2258 1456 2291 qua
1489 2247 1692 2291 sophistam
1716 2256 1772 2280 re-

1096 2294 1253 2335 futaret,
1286 2293 1350 2336 qui
1382 2293 1567 2326 statuerat
1589 2290 1776 2325 fortitudi-

1097 2349 1182 2373 nem
1213 2338 1430 2382 pr,opterea
1466 2335 1566 2379 quod
1596 2346 1776 2380 saepenu-

1097 2393 1199 2417 mero
1236 2383 1283 2416 ab
1319 2381 1525 2432 imperitis.‚
1560 2380 1706 2414 iniustis
1738 2381 1776 2415 et

1096 2426 1355 2472 petulantibus
1384 2407 1596 2460 hominibus
1627 2435 1773 2460 exerce-

1097 2474 1212 2514 retur,
1240 2483 1262 2506 a
1286 2472 1418 2506 ceteris
1442 2470 1641 2505 virtutibus
1661 2470 1775 2514 pluri-

1097 2529 1199 2551 mum
1218 2516 1377 2551 differre.
1419 2516 1526 2549 Nunc
1543 2515 1640 2549 enim
1666 2515 1776 2549 doc-et

1097 2562 1282 2597 neminem
1319 2572 1386 2595 sua
1420 2564 1551 2604 sponte
1591 2559 1776 2594 terribilia

1098 2608 1164 2641 aut
1187 2605 1392 2651 periculosa
1424 2605 1601 2655 appetere
1632 2615 1675 2639 ac
1699 2615 1774 2638 sus-

1099 2653 1234 2695 cipere,
1248 2650 1407 2694 ideoque
1421 2649 1677 2684 fortitudinem
1692 2659 1775 2683 cum

1100 2696 1256 2747 scientia
1281 2696 1516 2729 coniunctam
1542 2705 1637 2735 esse3
1671 2693 1775 2737 igna-

1100 2741 1198 2776 viam
1235 2751 1360 2774 rerum
1391 2739 1610 2789 cognitione
1636 2749 1774 2775 carere.

1100 2786 1155 2820 Ex
1187 2795 1261 2828 qua
1291 2795 1330 2818 re
1357 2796 1467 2828 quum
1494 2783 1653 2834 intelligi
1678 2783 1775 2818 arbi-

1101 2831 1221 2865 tretur
1245 2829 1505 2863 fortitudinem
1542 2828 1697 2863 scientia
1720 2839 1776 2863 re-
