1939 3214
348 164 375 204 2
872 161 1238 197 PROLEGOMENA

352 265 509 305 bantur
549 263 744 314 consilio,
785 262 998 316 sophistae
1030 265 1071 304 et
1100 263 1236 304 habiti
1267 266 1309 304 et
1339 263 1442 304 dicti
1472 267 1582 305 sunt.
1644 264 1774 306 Hero-

355 320 478 362 dotus
509 319 679 373 quidem
711 322 752 359 et
774 317 985 372 Solonem,
1018 333 1142 372 quem
1164 333 1214 360 ex
1235 319 1569 360 Atheniensibus
1590 321 1774 374 primum

358 376 592 440 sophistam
624 375 882 429 appellatum
912 389 1002 415 esse
1023 374 1233 416 Isocrates
1245 376 1279 430 4)
1310 375 1495 426 tradidit,
1529 378 1570 416 et
1600 378 1773 427 ceteros,

352 433 423 487 qui
481 431 652 485 proprie
712 431 793 471 dici
851 431 991 472 solent
1053 431 1282 484 sapientes,
1350 430 1562 485 sophistas
1612 447 1775 474 nuncu-

352 489 471 543 pavit
513 487 587 527 lib.
619 486 640 527 I
671 501 704 527 c.
736 487 804 527 29.
864 486 927 527 Eo
973 487 1085 527 enim
1128 487 1220 527 loco
1267 487 1325 528 ait
1366 487 1578 541 Lydorum
1623 488 1774 542 opibus

351 558 427 599 per
458 543 657 585 Croesum
696 542 831 583 auctis
863 542 1014 583 Sardes
1047 543 1304 584 concessisse
1336 557 1464 596 quum
1495 543 1598 584 alios
1629 557 1775 585 omnes

353 599 591 653 sophistas,
624 598 695 651 qui
726 612 774 639 eo
806 600 995 651 tempore
1026 599 1071 638 in
1104 598 1280 639 Graecia
1310 598 1511 649 fuissent,
1554 601 1646 640 tum
1677 614 1775 641 vero

357 656 553 698 Solonem
576 654 897 695 Atheniensem.
905 655 938 708 5)
991 653 1042 694 In
1074 655 1221 695 eodem
1251 669 1428 696 numero
1461 655 1574 709 apud
1596 655 1776 696 eundem

354 712 601 765 scriptorem
642 710 713 750 lib.
746 709 809 751 IV
842 724 875 751 c.
909 710 963 750 95
1001 709 1266 764 Pythagoras
1305 711 1479 764 ponitur
1517 726 1567 752 ex
1607 711 1779 766 eiusque

356 767 582 821 disciplina
603 765 816 806 Zaniolxis
847 780 1011 806 morum
1043 766 1301 820 probitatem
1333 769 1375 807 et
1405 768 1674 808 sanctitatem
1706 768 1777 808 ha-

353 824 494 866 buisse
533 822 836 886 perhibeturss).
896 822 998 862 Illos
1041 824 1181 863 autem
1228 823 1422 863 homines
1460 837 1605 864 omnes
1643 824 1697 864 010
1734 823 1777 864 id

353 881 507 935 ipsum,
540 878 637 932 quia
667 879 712 919 in
742 878 1005 933 gravissimis
1036 878 1160 919 rebus
1192 879 1375 919 maxima
1404 879 1657 920 videbantur
1687 893 1779 920 esse

354 935 655 989 intelligentia,
688 934 901 988 sophistas
933 934 1170 988 appellatos
1202 948 1304 985 esse,
1335 949 1424 976 non
1453 937 1501 976 ut
1531 949 1580 976 eo
1604 936 1777 976 nomine

353 993 644 1043 irriderentur,
676 991 720 1031 id
751 993 792 1031 et
819 1005 894 1045 per
916 1004 959 1031 se
980 990 1255 1032 manifestum
1277 993 1352 1044 est,
1385 994 1427 1032 et
1446 994 1637 1032 veterum
1659 992 1778 1032 testi—

353 1048 510 1090 moniis
543 1047 762 1100 constat,⁷)

470 1102 630 1144 Verum
669 1103 705 1143 is
743 1102 930 1143 nominis
969 1102 1107 1143 honos
1138 1102 1250 1142 haud
1282 1101 1352 1143 diu
1382 1103 1541 1143 mansit
1570 1103 1780 1157 variisque

355 1160 405 1201 de
447 1159 583 1200 causis
622 1159 698 1199 illa
735 1158 968 1212 appellatio
1008 1159 1053 1199 in
1083 1158 1286 1199 invidiam
1317 1158 1677 1213 offensionemque
1707 1159 1783 1200 ho-

355 1216 518 1257 minum
550 1215 742 1256 incurrit.
802 1214 1074 1265 Themistius,
1107 1215 1222 1255 cuius
1252 1214 1381 1255 verba
1410 1214 1493 1255 huc
1522 1214 1782 1268 pertinentia

359 1271 682 1326 supposuimus,
715 1271 757 1311 id
788 1270 949 1312 factum
981 1284 1071 1311 6336
1102 1271 1224 1323 dicit,
1257 1285 1307 1311 ex
1338 1285 1420 1324 quo
1452 1270 1708 1325 Protagoras
1740 1273 1782 1312 et

358 1328 563 1370 Prodicus
596 1329 638 1368 et
660 1327 841 1381 Gorgias
872 1327 945 1367 1110
977 1327 1149 1368 nomine
1180 1330 1397 1380 assumpto
1429 1327 1683 1380 sapientiam
1714 1341 1781 1368 ve-

361 1384 501 1425 nalem
543 1383 903 1424 circumtulissent
939 1397 1018 1424 nec
1056 1383 1139 1423 nisi
1176 1397 1333 1437 magno
1365 1384 1501 1436 pretio
1532 1383 1625 1423 aliis
1655 1383 1782 1424 tradi-

359 1439 575 1493 dissent.⁷)
636 1438 751 1487 Quae
783 1439 996 1480 sententia
1026 1453 1278 1493 quamquam
1309 1452 1398 1479 non
1429 1453 1484 1479 ex
1515 1439 1631 1480 omni
1660 1441 1783 1493 parte

356 1511 457 1538 vera
488 1497 565 1548 est,
597 1498 744 1537 tamen
774 1495 818 1536 id
849 1497 1008 1536 certum
1038 1497 1102 1536 est
1132 1495 1256 1535 huius
1284 1494 1477 1535 vocabuli
1509 1496 1594 1535 vim
1615 1495 1783 1536 illorum

361 1555 501 1594 aetate
530 1566 617 1593 non
649 1552 800 1593 leviter
832 1565 921 1592 esse
952 1552 1170 1591 mutatam.
1221 1550 1289 1591 Ad
1319 1551 1423 1591 illud
1444 1554 1624 1605 tempus,
1656 1554 1704 1592 ut
1724 1551 1783 1591 vi—

358 1609 517 1662 dimus,
561 1607 774 1662 sophistae
811 1607 1020 1648 nominati
1059 1609 1177 1657 sunt,
1218 1607 1457 1661 quicunque
1495 1621 1545 1647 ex
1582 1607 1783 1648 universo

357 1678 514 1720 genere
544 1665 731 1705 humano
764 1664 817 1704 ad
849 1678 1055 1704 summam
1076 1662 1386 1704 humanitatem
1408 1663 1650 1717 pervenisse
1672 1663 1782 1704 vide-

362 1723 526 1762 bantur.
578 1720 660 1762 Sed
692 1734 820 1774 quum
852 1719 1031 1773 singulis
1066 1719 1177 1760 vitae
1208 1719 1418 1759 institutis
1450 1721 1491 1760 et
1521 1719 1670 1760 studiis
1696 1733 1783 1760 ma-

359 1778 520 1818 ioribus
552 1791 627 1817 sua
657 1790 704 1817 ac
734 1789 936 1817 mansura
957 1775 1133 1816 nomina
1152 1775 1326 1816 inventa
1347 1777 1501 1827 essent,
1534 1777 1581 1816 ut
1602 1775 1672 1829 qui
1696 1789 1783 1816 car-

358 1834 475 1874 mina
517 1832 760 1874 scribebant
795 1831 965 1886 proprie
1005 1831 1321 1885 appellarentur
1364 1833 1536 1885 poetae,
1583 1845 1655 1885 qui
1693 1831 1785 1884 ipsa

358 1904 500 1931 rerum
533 1888 906 1943 comtemplatione
937 1890 980 1928 et
1009 1887 1252 1950 cognitione
1283 1887 1599 1928 delectabantur
1632 1887 1784 1940 Pytha-

361 1960 468 2001 gora
499 1947 673 1986 auctore
704 1943 966 1998 philosophi,
1008 1944 1078 1997 qui
1109 1943 1168 1983 rei
1199 1942 1393 1996 publicae
1424 1943 1785 1983 administrandae

362 2016 406 2043 se
445 2002 602 2042 dabant
638 2000 825 2055 politici,
862 2002 954 2040 tum
985 1999 1075 2040 fieri
1105 2013 1194 2040 non
1223 1999 1362 2052 potuit
1392 2002 1494 2053 quin
1524 1998 1630 2039 illud
1662 2013 1783 2040 voca-

474 2135 510 2178 4)
538 2134 597 2171 Or
624 2134 703 2177 XV,
731 2138 813 2168 313.
849 2131 938 2172 τοὺς
971 2131 1230 2186 καλουμένους
1264 2144 1447 2185 σοφιστας
1474 2130 1696 2185 ἐθαύμαζον
1721 2132 1787 2166 καὶ

362 2176 453 2218 τούς
479 2177 666 2219 συνόντας
693 2176 826 2218 αὐτοῖς
845 2175 1004 2221 ἐζήλουν
1029 2176 1251 2212 ..Σόλωνα
1269 2177 1338 2221 μὲν
1356 2175 1438 2220 γάρ,
1464 2175 1529 2211 τὸν
1539 2178 1695 2230 πρῶτον
1714 2178 1787 2211 τῶν

363 2224 529 2259 πολιτῶν
557 2222 723 2273 λαβόντα
748 2222 819 2267 τὴν
845 2222 1066 2266 ἐπωνυμίαν
1092 2220 1257 2266 ταύτην,
1286 2221 1501 2267 προστάτην
1528 2217 1695 2266 ἠξίωσαν
1722 2222 1787 2265 τῆς

364 2267 510 2309 πόλεως
537 2273 650 2303 εἰναι.

477 2317 574 2356 5)..
603 2311 854 2347 ἀπικνέονται
881 2309 917 2352 ἐς
945 2311 1090 2355 Σάρδις
1117 2307 1370 2365 ἀκμαζούσας
1383 2308 1534 2362 πλούτῳ
1561 2307 1670 2345 ἄλλοι,
1689 2323 1728 2345 τε
1747 2308 1787 2344 οἷ

363 2359 505 2398 ποίντες
532 2356 572 2393 ἐκ
598 2357 665 2402 τῆς
687 2355 871 2396 Ελλάὸος
898 2359 1090 2412 σοφισταί,
1118 2356 1153 2390 οἳ
1179 2358 1314 2391 τοῦτον
1333 2354 1398 2391 τὸν
1418 2351 1556 2400 χρόνον
1575 2352 1784 2399 ἐτύγχανον

365 2400 519 2443 ἐόντες
540 2403 632 2437 .καὶ
660 2401 707 2446 δὴ
735 2416 801 2436 και
828 2400 960 2436 Σόλων
986 2415 1083 2446 ανηρ
1107 2398 1318 2456 Ἀθηναῖος.

479 2452 515 2489 6)
545 2446 737 2499 Ζάμολξιν
766 2474 772 2481 .
826 2445 986 2490 Ἕλλησί
1015 2459 1054 2480 τε
1086 2443 1322 2499 ὁμιλήσαντα
1352 2445 1416 2479 καὶ
1438 2440 1626 2500 Ελλήνων
1659 2457 1703 2479 ου
1735 2445 1784 2488 τῷ

366 2490 639 2539 οἷσθενεστατῳ
666 2478 828 2535 σοφιστῇ
855 2488 1090 2544 Πυθαγόρῃ
1094 2488 1462 2525 κατασκευάσασθαι
1487 2487 1562 2525 κτὲ.

478 2538 512 2580 7)
539 2529 718 2571 Themist.
746 2535 868 2569 XXIII
882 2548 931 2591 'p3
959 2539 1041 2570 286:
1069 2532 1127 2570 ὅτι
1153 2533 1275 2570 ποῖλαι
1301 2547 1471 2577 τουνομα
1496 2536 1607 2569 τοῦτο
1634 2532 1652 2568 ὁ
1679 2542 1786 2586 σοφι-

365 2580 456 2625 στὴς
482 2582 621 2635 σεμνόν
646 2594 685 2616 τε
700 2574 757 2634 ἦν
785 2581 850 2615 καὶ
876 2577 931 2615 ἐπ’
972 2578 1126 2622 α’ξιώσει
1151 2575 1247 2614 καὶ
1234 2577 1292 2613 ότι
1311 2569 1470 2613 Σόλωνα
1488 2576 1675 2632 σοφιστὴν
1693 2574 1786 2612 ωνό-

367 2629 485 2680 μαζον
512 2625 549 2660 οἵ
574 2625 657 2661 τότε
683 2622 884 2679 ανθρωποι
909 2626 975 2659 καὶ
994 2623 1247 2682 Πυθαγόραν,
1273 2620 1531 2667 ἀπειροκάλου
1557 2637 1604 2658 αν
1632 2624 1691 2674 εἴῃ
1716 2636 1787 2657 κω-

371 2668 606 2724 ὂῳδοποιῶν
638 2667 738 2715 υμᾶς
775 2667 1080 2727 υπομιμνήσκειν
1117 2670 1182 2704 καὶ
1222 2669 1472 2724 ξυγγραφέων
1584 2667 1680 2702 ἄλλα
1718 2668 1786 2702 τοῦ

369 2713 558 2768 ρνόματος
584 2711 707 2758 ὥσπερ
733 2716 965 2768 νομίσματος
980 2728 1033 2768 μ
1022 2715 1193 2749 τέπεσεν
1220 2713 1240 2757 ἠ
1269 2712 1432 2766 δύναμις
1457 2710 1554 2747 κατα
1579 2711 1664 2752 τοὺς
1682 2707 1787 2746 ὕστε-

367 2774 438 2796 κον
463 2757 641 2817 χρόνους,
669 2759 707 2802 ἐξ
733 2773 776 2794 ov
808 2758 1059 2814 Πρωταγόρας
1084 2772 1123 2794 τε
1149 2754 1266 2793 αὐτοῦ
1292 2754 1526 2809 ἠμφισβήτει
1550 2758 1614 2791 καὶ
1643 2753 1781 2800 1196&-

369 2818 436 2859 μσς
462 2805 527 2840 καὶ
546 2807 719 2849 Γοργίας,
745 2805 782 2839 οι
807 2802 929 2847 ὥσπερ
956 2802 1047 2838 ἄλλο
1066 2818 1100 2838 τι
1127 2806 1199 2837 τῶν
1227 2801 1348 2837 ὠνίων
1360 2815 1565 2857 χρηματων
1584 2800 1788 2845 ἐκήρυττον

366 2850 438 2894 τὴν
464 2852 606 2894 σοφίαν
631 2850 696 2884 καὶ
721 2846 951 2894 ἐπράττοντο
976 2848 1071 2884 πολὺ
1099 2844 1278 2893 ἀργύριον
1305 2846 1392 2887 τούς
1419 2848 1740 2892 προσφοιτῶντας.
