1907 3230
610 174 946 211 PROTAGORAS.
975 175 1015 210 P.
1042 180 1109 212 320
1134 176 1202 211 ST.

1558 180 1614 221 75

193 275 449 315 νεανίσκων
469 274 628 329 πατήρ,
662 274 852 324 τούτους
882 273 911 316 ἂ
939 276 1023 329 μὲν
1053 276 1339 318 διδασκάλων
1370 281 1510 331 εἴχετο
1533 294 1614 320 κα-
1744 323 1749 330 .

191 343 281 390 λῶς
321 341 395 382 καὶ
436 335 489 382 εὖ
526 340 808 394 ἐπαίδευσεν,
848 340 877 383 ὁὶ
913 342 962 385 δὲ
1000 338 1134 392 αὐτὸς
1173 345 1315 397 σοφός
1356 343 1479 386 ἐστιν
1510 342 1613 386 οὔτε
1662 334 1683 340 '⁴

191 405 328 456 αὐτὸς
365 407 570 450 παιδεύει
606 406 712 449 οὔτε
750 423 811 464 τῳ
850 406 970 464 ἄλλῳ
1000 410 1319 463 παραδίδωσιν,
1352 407 1451 452 ἀλλ’
1484 409 1612 452 αὐτοὶ

188 472 440 528 περιιόντες
478 475 689 529 νέμονται
726 473 875 528 ὥσπερ
913 475 1095 530 ἄφετοι,
1137 475 1217 518 ε’άν
1247 491 1336 519 που
1367 475 1611 531 αὐτόματοι

136 555 154 582 5
187 540 459 595 περιτύχωσι
488 544 542 596 τῇ
575 539 723 596 ἀρετῇ.

785 543 826 583 εἰ
855 542 904 584 δὲ
934 544 1102 596 βούλει,
1141 545 1372 595 Κλεινίαν,
1406 541 1486 585 τὸν
1512 542 1610 585 Ἀλ-

184 606 395 661 κιβιάδου
415 608 599 650 τουτουὶ
618 607 841 662 νεώτερον
863 604 1077 663 ἀδελφόν,
1099 611 1408 665 ἐπιτροπεύων
1425 608 1448 653 ὁ
1475 609 1609 661 αὐτὸς

181 667 314 724 οὗτος
345 673 459 730 ἀνὴρ
490 674 730 729 Περικλῆς,
763 674 922 724 δεδιώς
951 676 1054 730 περὶ
1084 675 1240 730 αὐτοῦ,
1281 676 1338 732 μὴ
1371 678 1608 734 διαφθαρῇ

180 739 236 795 δή
258 739 338 783 ὑπ’
359 740 657 796 Ἀλκιβιάδου,
689 740 955 791 ἀποσπάσας
976 741 1064 785 άπὸ
1084 743 1269 797 τούτου,
1302 746 1606 798 καταθέμενος

228 880 256 912 1
289 872 313 909 ἃ
346 874 428 920 μὲν
461 873 764 909 διδασκάλων
791 876 853 910 εἵ-

177 921 302 964 zeto]
343 921 563 963 quantum
610 919 794 964 quidem
833 931 855 955 a

177 965 503 1009 magistrorum
598 964 855 1009 disciplina

176 1009 421 1064 pendebat.
481 1009 628 1044 Menon.
658 1021 695 1054 p.
728 1014 770 1045 93
802 1010 854 1043 D.

176 1052 249 1089 ὅσα
275 1052 521 1088 διδασκάλων
538 1051 700 1098 αγαθῶν
720 1055 854 1108 εἴχετο.

175 1098 270 1133 Ibid.
302 1110 337 1142 p
371 1103 415 1133 94
440 1099 487 1132 Β·
518 1101 725 1156 Περικλῆς
765 1097 855 1139 τοὺς

175 1141 274 1183 υἷεῖς
309 1141 450 1183 ἱππέας
486 1141 557 1199 ξιὲν
594 1145 753 1186 εδίδαξε
788 1144 853 1178 καὶ

174 1187 366 1244 μουσικὴν
389 1188 456 1223 καὶ
454 1189 644 1243 αγωνιάν
657 1202 721 1223 και
736 1183 853 1223 τᾶλλα

173 1230 422 1274 ἐπαίδευσεν,
450 1228 524 1267 ὅσα
548 1231 686 1278 τέχνης
713 1231 853 1277 ε’χεται,

174 1275 334 1316 οὐδενὸς
361 1280 522 1321 χείρους.

219 1337 251 1369 3.
294 1329 398 1367 οὕτε
445 1346 501 1378 τῳ
543 1331 663 1378 ἄλλῳ
703 1346 850 1376 παρα-

171 1377 387 1422 δίδωσιν]
436 1369 582 1421 neque
631 1371 714 1411 11111
765 1377 849 1411 alii

171 1422 486 1457 instituendos
545 1422 712 1464 tradit,
775 1422 851 1457 sed

171 1466 261 1511 ipsi
292 1467 563 1502 oberrantes
599 1468 851 1511 pascuntur

169 1511 307 1555 quasi
337 1522 360 1546 a
391 1511 602 1546 custodia
626 1511 782 1554 liberi,
814 1512 850 1545 si

170 1557 292 1591 forte
347 1556 536 1591 fortuna
582 1556 759 1591 alicubi
805 1557 849 1590 in

171 1602 397 1636 virtutem
443 1601 666 1639 incidant.
717 1601 849 1637 Stazzb.

170 1643 313 1689 ἄφετος
350 1647 406 1681 est
442 1646 613 1681 vinculis
649 1656 724 1681 non
762 1656 848 1681 con-

168 1691 334 1725 strictus'
355 1693 394 1725 et
410 1703 555 1735 αφετος
579 1691 769 1735 νέμεσθαι
791 1690 847 1725 di-

169 1735 283 1778 citur,
321 1736 386 1778 qui
422 1735 470 1770 ad
507 1746 614 1769 suum
651 1735 848 1770 arbitrium

169 1762 283 1818 vivit?
308 1791 343 1814 v.
375 1780 421 1814 de
452 1790 529 1824 rep.
554 1780 615 1815 VI.
647 1791 683 1824 p.
707 1783 774 1814 498
800 1780 844 1815 C:

167 1838 264 1860 οταν
301 1824 344 1859 δε
385 1825 590 1859 πολιτικῶν
629 1825 696 1859 καὶ
736 1837 846 1880 στρα-

168 1871 280 1904 τειῶν
306 1865 414 1909 ἐκτὸς
439 1870 628 1914 γίγνηται,
655 1867 739 1905 τότε
767 1867 845 1925 ἤδη

166 1913 336 1967 ἀφέτους
360 1911 566 1966 νέμεσθαι
605 1914 672 1948 καὶ
719 1912 844 1970 μηδὲν

167 1955 260 1993 αλλο
291 1956 473 2012 πράττειν
504 1959 595 2002 (δεῖ)
627 1955 716 1999 τούς
754 1958 844 2003 μέλ-

169 2007 306 2044 λοντας
344 1999 585 2048 ευδαιμόνως
621 2000 842 2054 βιώσεσθαι.

166 2048 295 2083 Simile
328 2048 480 2082 ductum
504 2050 560 2083 est
588 2049 634 2083 ab
664 2048 843 2083 armentis

166 2092 298 2128 solutis
333 2103 376 2127 ac
405 2092 544 2130 liberis.
577 2105 609 2130 v,
644 2093 778 2128 Critias
802 2105 839 2138 p.

167 2136 841 2175 1181).Ρ1111.Ι111011110241117243,

595 2181 675 2217 τὸν
718 2181 838 2234 mm]

553 2231 615 2262 118
632 2228 661 2262 Ε
687 2228 734 2262 ab
759 2239 840 2280 ipso

211 2187 242 2217 5.
290 2183 541 2223 Κλεινίαν,

164 2227 305 2262 Cliniae
323 2226 442 2261 Alcib.
462 2227 478 2260 Ι
495 2238 532 2277 p.

165 2271 358 2306 Alcibiade
382 2271 494 2305 homo
518 2272 670 2307 insanus
689 2270 840 2314 (μαινό-

163 2318 294 2360 μενος)
327 2317 518 2352 vocatur.
539 2316 625 2350 Eius
655 2317 771 2362 igitur
802 2320 842 2352 et

163 2361 369 2396 Alcibiadis
392 2360 551 2396 tutelam
575 2363 684 2406 pater
707 2361 840 2396 Pericli

163 2408 204 2440 et
228 2406 428 2451 Ariphroni
460 2408 707 2441 commiserat.
756 2406 839 2440 Plu-

162 2450 267 2485 ribus
292 2451 442 2495 quidem
460 2451 552 2486 locis
569 2463 662 2485 unus
681 2451 838 2485 Pericles

161 2497 267 2530 tutor
293 2506 419 2530 eorum
444 2495 555 2531 fuisse
587 2496 765 2538 traditur,
798 2498 839 2530 ut

161 2540 283 2575 Alcib.
302 2540 371 2585 lp
396 2541 512 2578 104ss
537 2541 706 2585 Xenoph.
728 2551 836 2575 1110111.

164 2586 241 2628 12,
267 2590 322 2623 40
362 2585 472 2620 Isocr.
498 2596 551 2620 or.
579 2590 636 2629 16,
644 2553 717 2621 Ρ2.8
765 2584 837 2620 Sed

161 2630 719 2721 ἒξᾳὲἕῑᾶῗὲἑέῙΞἝῘΕῧιὲἰῧῖἒ
733 2633 837 2710 ἑὲῗ

160 2719 314 2754 daretur
346 2721 393 2763 (v.
420 2719 465 2754 de
497 2720 570 2771 leg.
604 2725 669 2756 924
693 2722 760 2763 A),
798 2722 837 2756 et

161 2764 410 2807 Ariphronem
448 2767 486 2800 et
524 2777 646 2811 ipsum
686 2765 836 2800 illorum

159 2809 324 2844 tutorem
336 2810 449 2846 fuisse
463 2814 592 2846 narrat
605 2811 701 2846 Plut.
717 2810 835 2845 Alcib.

158 2863 178 2887 c
221 2858 254 2887 1:
289 2854 356 2889 τοῦ
383 2853 621 2900 Ἀλκιβιάδου
646 2859 836 2900 Περικλῆς

924 876 989 911 καὶ
1014 873 1207 934 Ἀρίφρων,
1233 875 1489 921 προσήκοντες
1506 878 1605 913 κατὰ

925 921 1034 965 γένος
1052 920 1318 966 ἐπετρόπευον.
1345 922 1398 957 Ι)0
1419 923 1502 967 ipsa
1520 933 1604 967 pro-

923 966 1134 1009 pinquitate
1167 978 1236 1002 nec
1260 966 1368 1002 Plato
1393 979 1461 1002 nec
1484 967 1602 1002 Xeno-

924 1011 1025 1054 phon
1042 1022 1110 1046 nec
1128 1011 1310 1047 Isocrates
1328 1012 1444 1046 ullam
1461 1012 1603 1047 faciunt

924 1057 1171 1099 mentionem3
1197 1068 1220 1091 a
1243 1057 1510 1100 posterioribus
1533 1057 1602 1092 Pe-

924 1099 1033 1134 ricles
1050 1101 1161 1135 modo
1180 1101 1341 1141 vitricus,
1360 1101 1470 1136 modo
1486 1112 1600 1136 avun-

925 1144 1028 1179 culus
1052 1145 1257 1181 Alcibiadis
1283 1146 1428 1188 dicitur,
1455 1158 1488 1182 v
1515 1146 1601 1181 Cor—

923 1189 994 1225 1101
1018 1190 1111 1235 Nep.
1128 1191 1206 1225 Alc.
1224 1201 1255 1225 0
1276 1195 1304 1224 1.
1318 1190 1401 1225 Val.
1421 1172 1522 1227 Max
1547 1191 1600 1226 111

925 1237 942 1266 1
977 1235 1050 1268 ext.
1085 1239 1113 1271 l.
1146 1235 1229 1268 Aul.
1262 1235 1357 1270 Gell.
1393 1239 1444 1277 15,
1478 1240 1530 1275 17,
1562 1237 1601 1271 et

922 1279 1292 1324 Aristid.111p.542
1321 1261 1512 1314 Socratem
1544 1280 1600 1314 di-

922 1323 973 1356 cit
996 1323 1132 1358 Pericli
1156 1324 1390 1359 maledixisse
1416 1324 1516 1368 apud
1539 1325 1601 1359 Al—

922 1368 1123 1410 cibiadem,
1163 1382 1191 1422 ῳ
1225 1368 1335 1407 θεῖός
1360 1381 1399 1403 τε
1426 1369 1491 1403 καὶ
1518 1366 1598 1404 ἐπί-

920 1425 1058 1455 τροπος
1082 1413 1148 1447 καὶ
1165 1410 1252 1448 ἀντὶ
1278 1413 1346 1448 τοῦ
1371 1412 1513 1455 πατρὸς
1538 1407 1597 1459 ἧν.

919 1457 962 1491 Id
985 1457 1095 1492 modo
1113 1459 1273 1500 constat,
1299 1458 1503 1492 Alcibiadis
1520 1470 1597 1493 ma-

919 1504 1016 1536 trem
1040 1503 1297 1537 Dinomachen
1330 1503 1443 1536 filiam
1468 1503 1596 1547 Mega-

919 1547 1002 1591 clis,
1036 1548 1074 1581 et
1098 1547 1277 1592 Megaclis
1308 1557 1472 1582 sororem
1497 1548 1597 1592 Aga-

918 1592 1033 1626 risten
1051 1592 1204 1627 Periclis
1223 1594 1381 1627 matrem
1399 1593 1524 1634 fuisse,
1550 1593 1596 1630 cf.

918 1636 1018 1671 Plut.
1043 1637 1067 1672 l.
1092 1637 1113 1672 1
1141 1639 1179 1672 et
1203 1637 1381 1671 Herodot.
1409 1637 1561 1672 V1133.

963 1696 996 1729 7.
1038 1689 1094 1737 μὴ
1139 1695 1359 1737 διαφθαρ
1340 1694 1391 1739 ρῇ
1428 1690 1482 1737 δὴ
1516 1690 1593 1729 ‘un’

912 1732 1034 1782 Ἀλκ.]
1076 1737 1131 1772 De
1171 1738 1242 1772 1100
1282 1729 1514 1772 coniunctivo
1556 1750 1592 1773 v.

915 1780 1053 1825 Krueg.
1068 1781 1129 1819 Gr
1148 1785 1202 1816 54.
1222 1786 1260 1823 8,
1287 1786 1317 1818 9,
1367 1782 1395 1816 O
1400 1783 1588 1825 ptativum

916 1837 999 1860 cum
1018 1793 1157 1861 gverbis
1191 1826 1348 1860 timendi
1372 1793 1479 1860 Plato
1505 1838 1592 1862 con-

914 1870 1034 1904 iunxit
1057 1883 1092 1915 p.
1111 1875 1175 1906 321
1195 1871 1227 1904 A
1253 1873 1291 1906 et
1314 1875 1379 1906 322
1398 1871 1435 1906 C.
1459 1890 1503 1896 -
1521 1871 1592 1906 Vo-

914 1915 1038 1949 culam
1070 1914 1120 1959 δή
1145 1915 1316 1950 Socrates
1341 1926 1408 1959 per
1432 1915 1592 1951 ironiam

914 1960 1059 1994 addidit
1082 1959 1295 2004 significans
1319 1961 1500 1995 Periclem
1517 1971 1592 1995 non

913 2005 991 2083 {ine
1024 2015 1137 2040 causa
1162 2005 1302 2040 Cliniae
1338 2004 1504 2040 timuisse
1537 2006 1590 2040 vi-

940 2060 1003 2086 erl.

957 2098 989 2131 8.
1029 2093 1357 2139 καταθέμενος
1398 2092 1444 2130 ἒν
1480 2091 1590 2137 Ἀρι-

1135 2139 1201 2176 int.
1239 2140 1329 2173 οἴκω
1351 2167 1358 2173 .
1382 2141 1590 2175 κατατίθε-

912 2152 939 2182 ‘p
950 2153 970 2182 ρ
979 2152 997 2173 ⁰
1006 2153 1028 2174 ν
1037 2152 1056 2173 ⁰
1065 2140 1116 2218 gi.
1142 2186 1199 2218 est
1224 2176 1334 2218 alimii
1359 2184 1501 2227 aliquid
1527 2196 1589 2219 cu-

912 2186 1007 2218 σθαι
1033 2184 1067 2219 h.

910 2228 1148 2263 stodiendum
1204 2230 1241 2262 et
1294 2229 1589 2264 conservandum

909 2273 1078 2315 tradere;
1101 2273 1176 2307 alia
1191 2273 1224 2307 vi
1238 2273 1383 2316 aliaque
1401 2276 1588 2308 construc-

909 2318 1010 2352 tione
1042 2319 1205 2361 positum
1237 2319 1294 2352 est
1323 2330 1358 2363 p.
1386 2322 1451 2353 314
1476 2319 1517 2352 A.
1544 2343 1588 2347 —

909 2363 951 2396 111
998 2362 1150 2397 Periclis
1199 2362 1310 2397 domo
1352 2363 1588 2398 Alcibiadem

909 2407 1108 2442 educatum
1132 2407 1245 2442 fuisse
1269 2408 1425 2442 tradunt
1441 2408 1586 2445 Cornel.

909 2452 1004 2496 Nep.
1037 2452 1157 2488 Alcib.
1191 2463 1221 2486 c.
1252 2457 1283 2487 2.
1331 2452 1483 2487 Diodor.
1515 2452 1586 2488 XII

908 2501 961 2534 38,
988 2497 1072 2531 Α111.
1099 2496 1193 2531 Gell.
1220 2497 1287 2531 XV
1314 2502 1368 2538 17,
1399 2497 1500 2540 quod
1523 2498 1584 2532 vix

908 2541 1085 2577 credibile
1125 2542 1283 2576 videtur.
1331 2542 1429 2575 Nam
1468 2553 1582 2586 quum

907 2586 1140 2629 Alcibiades,
1165 2597 1238 2629 quo
1256 2589 1426 2630 tempore
1445 2586 1582 2621 Clinias

908 2633 1017 2676 pater
1042 2634 1120 2666 eius
1145 2632 1192 2666 ad
1212 2631 1414 2666 Coroneam
1441 2631 1582 2666 occisus

906 2678 973 2718 est,
996 2679 1156 2720 quatuor
1180 2675 1240 2710 vel
1271 2676 1434 2720 quinque
1466 2686 1582 2711 annos

904 2724 1012 2755 natus
1052 2722 1166 2764 esset,
1207 2721 1342 2755 rectius
1381 2731 1466 2755 eum
1506 2723 1582 2755 sta-

904 2767 1051 2801 tuemus
1074 2776 1158 2800 cum
1183 2767 1325 2801 minore
1349 2766 1444 2801 frate
1462 2766 1500 2800 in
1517 2777 1581 2810 pa-

903 2812 1011 2861 terna
1035 2811 1144 2846 domo
1171 2810 1270 2855 apud
1295 2812 1453 2846 matrem
1476 2822 1580 2845 man-

904 2867 1003 2891 sisse.

1637 421 1702 454 320
