1939 3214
301 153 354 195 68
893 149 1132 186 PLATONIS

302 255 530 308 ἔσκεμμαι,
565 251 693 304 ὥστε,
726 250 814 293 σὺν
843 254 934 307 θεῷ
970 252 1135 306 εἰπεῖν,
1174 251 1314 306 μηδὲν
1354 251 1508 294 δεινὸν
1538 254 1729 308 πάσχειν

251 323 276 358 C
304 321 377 362 διὰ
415 318 464 362 τό
503 318 744 375 ὁμολογεῖν
784 317 999 374 σοφιστὴς
1031 316 1157 362 εἶναι.
1221 320 1367 360 καίτοι
1398 320 1542 361 πολλοὶ
1572 337 1623 374 γε
1655 323 1728 376 ἔτη

301 387 387 442 ἤδη
420 387 507 442 εἰμὶ
540 387 590 429 ἐν
620 390 673 442 τῇ
706 387 855 441 τέχνῃ·

302 457 377 509 μοί
400 455 543 497 ἐστιν·
577 452 765 503 οὐδενὸς
787 453 891 496 ὅτου
913 453 968 496 οὐ
991 453 1174 496 πάντων
1196 451 1254 495 ὄίν
1275 450 1402 507 ὑμῶν
1420 452 1525 496 καθ’
1549 453 1730 510 ἡλικίαν

302 518 447 576 πατὴρ
480 526 596 576 εἵην·
639 521 752 563 ὥστε
784 521 902 563 πολύ
929 536 1004 576 μοι
1032 519 1220 575 ἥδιστόν
1253 522 1391 575 ἐστιν,
1426 525 1470 563 εἴ
1493 537 1535 563 τι
1565 523 1729 576 βούλε-

303 594 410 642 σθε,
453 589 555 644 περὶ
593 588 767 631 τούτων
805 586 1018 631 ἁπάντων
1059 587 1268 630 ἐναντίον
1298 591 1388 630 τῶν
1419 589 1554 631 ε”νδον
1583 587 1730 632 ὄντων

301 656 383 698 τὸν
414 658 552 710 λόγον
583 660 827 698 ποιεῖσθαι.
870 657 959 697 Καὶ
982 656 1071 710 ἐγώ
1094 682 1143 686 -
1166 654 1441 698 ὑπώπτευσα
1462 654 1549 711 γὰρ
1570 657 1732 711 βούλε-

304 728 413 766 σθαι
445 722 586 765 αὐτὸν
617 726 678 779 τῷ
715 739 762 765 τε
793 724 1008 780 Προδίκῳ
1046 723 1121 765 καὶ
1158 725 1218 778 τῷ
1252 722 1401 780 Ἱππίᾳ
1444 723 1731 774 ἐνδείξασθαι

308 791 383 834 καὶ
404 794 795 846 καλλωπίσασθαι,
820 790 887 833 ὅτι
911 791 1095 846 ἐρασταὶ
1118 789 1258 833 αὐτοῦ
1282 789 1520 847 ἀφιγμένοι
1543 788 1732 845 εἶμεν-

908 385 982 428 καὶ
1011 385 1098 441 γὰρ
1129 384 1204 427 καὶ
1234 384 1288 427 τὰ
1318 385 1552 439 ξύμπαντα
1583 388 1729 429 πολλοὶ

419 931 451 962 9.
479 925 632 970 εἶμενε
660 927 698 961 61
722 926 806 962 11.1.
835 927 873 960 et
896 925 1008 970 Hipp.
1054 952 1061 960 .

1085 937 1122 970 Ρ.
1147 929 1212 961 301
1231 925 1262 959 D
1289 925 1376 960 libri
1407 926 1550 961 habent
1585 926 1729 971 εἴημεν,

306 974 371 1008 56(1
397 972 504 1017 εἶμεν
529 972 566 1005 in
592 971 621 1004 B
647 972 836 1006 servatum
861 972 917 1006 est
941 971 1097 1006 Theaet.
1124 983 1157 1016 p.
1188 975 1249 1006 147
1275 972 1318 1007 A.

306 1094 552 1140 ἔσκεμμαι]
586 1095 721 1138 atque
755 1093 872 1128 alias
905 1094 984 1128 eti-

304 1153 371 1176 am
395 1141 583 1190 praeter
610 1139 726 1174 hanc
744 1139 984 1173 cautiones

304 1185 539 1230 indagavi

353 1258 380 1288 1
419 1265 501 1288 συν
539 1252 632 1296 θεῷ
671 1251 847 1296 εἰπεῖν]
890 1251 984 1286 hanc

303 1299 501 1333 formulam
533 1307 617 1331 cum
653 1296 858 1331 modestiae
886 1307 984 1346 *qua-

305 1344 391 1378 dam
421 1341 689 1386 significatione
722 1340 896 1386 usurpari
928 1352 984 1375 so-

304 1389 411 1422 litam
452 1387 585 1421 Henr.
634 1385 710 1420 Ste
721 1386 897 1430 phanus
938 1386 986 1420 ad

306 1433 502 1468 Theaetet.
527 1444 562 1476 p.
591 1435 652 1466 151
680 1431 707 1465 B
721 1398 840 1465 lrecte
872 1431 985 1465 inter-

304 1479 490 1522 pretatur:
512 1476 631 1520 quod
648 1476 715 1510 ita
732 1475 849 1517 dico,
878 1476 985 1510 utin

305 1534 354 1558 eo
373 1533 500 1566 opem
519 1521 722 1556 divinam
740 1531 985 1565 agnoscam

305 1568 383 1610 vel,
416 1579 454 1600 m
486 1577 558 1610 quo
591 1566 743 1610 quidem
775 1576 798 1599 a
829 1565 899 1600 deo
925 1577 984 1600 me

305 1612 425 1648 iuvari
450 1622 588 1655 negare
613 1611 742 1646 nolim.
782 1610 913 1645 Latine
932 1611 985 1644 di-

306 1669 382 1693 cas:
400 1657 588 1691 iuvantes.
598 1657 747 1690 favente
763 1655 843 1690 deo.
856 1655 985 1692 Stazlb

305 1703 489 1746 Prot-agm
492 1713 535 1736 ae
561 1701 673 1735 etiam
692 1701 796 1752 vitae¹
811 1701 939 1735 exitu'
930 1712 985 1734 in-

307 1747 407 1782 felici
442 1746 538 1780 illud
575 1745 721 1780 Solonis
760 1743 800 1779 τὸ
837 1746 987 1791 μηδένα

291 1792 408 1829 ,εἶναι
434 1793 507 1826 τῶν
538 1788 708 1833 ζωόντων
739 1760 887 1834 ὄλβιονη
897 1791 986 1833 (He-

308 1838 387 1872 rod.
400 1837 483 1879 186)
499 1836 784 1871 combrobatum
805 1836 872 1878 est,
894 1836 987 1869 mul—

306 1884 460 1926 tumque
502 1892 584 1915 cum
628 1881 817 1924 sophistae
865 1880 986 1915 verbis

282 1930 286 1933 “
308 1927 497 1971 discrepat
513 1927 573 1960 1110
588 1926 754 1960 Timonis
769 1926 893 1969 Sinus,
912 1936 985 1968 quo

307 1972 534 2016 Protagoras
555 1971 601 2005 de
627 1971 696 2005 diis
714 1971 904 2014 scripsisse
930 1969 986 2004 di-

308 2018 420 2051 citur:

308 2085 436 2118 πᾶσαν
452 2083 546 2139 ἔχων
562 2079 741 2137 φυλακὴν
758 2079 984 2127 ἐπιεικείης·

399 2126 446 2163 τὰ
472 2141 542 2183 μεν
570 2124 617 2162 ov‘
643 2126 679 2161 οἵ

308 2171 513 2218 χραίσμησ’
519 2198 526 2213 ‚
559 2170 655 2207 ἄλλα
674 2171 808 2227 φυγῆς
835 2169 988 2217 ἐπεμαί-

401 2230 475 2262 ετο,
505 2216 608 2271 ὄφρα
634 2231 683 2262 μη
711 2230 830 2256 ουτως

311 2260 562 2319 Σωκρατικὸν
591 2265 712 2297 πίνων
747 2260 898 2307 ψυχρὸν
922 2258 990 2296 πό-

399 2321 464 2342 τον
484 2305 579 2342 ’Ἇιδι
610 2307 694 2352 δυ’ῃ.

312 2378 363 2418 (v.
391 2374 490 2409 Sext.
520 2374 768 2419 Ε111Ρ11·.ῑ1(1ν.
793 2373 910 2408 Math.
941 2374 990 2408 IX

311 2421 386 2463 57);
406 2419 520 2464 periit
537 2421 663 2454 autem
683 2419 801 2453 multo
821 2420 906 2454 ante
925 2419 988 2454 So-

311 2466 449 2500 cratem
506 2466 543 2499 et
596 2464 747 2507 quidem
793 2464 989 2509 naufragio

312 2521 408 2543 anno
446 2513 511 2543 415
548 2509 721 2544 navicula
756 2509 794 2544 in
826 2509 989 2544 Siciliam

310 2555 467 2599 fugiens,
494 2555 535 2590 cf
562 2554 704 2599 proleg.
729 2566 764 2599 p.
792 2559 824 2589 4.

358 2627 388 2658 3.
422 2622 498 2656 καὶ
532 2635 616 2666 γαρ
649 2622 725 2656 καὶ
758 2621 810 2656 τὰ
844 2618 987 2666 ξύμπ.1

314 2667 485 2717 etenim
517 2667 650 2701 multi
676 2667 856 2701 omnino
883 2667 989 2701 mihi

313 2711 419 2745 anni
437 2713 552 2760 sunt.
578 2711 744 2746 Eandem
763 2712 988 2747 sententiam

312 2766 395 2790 cum
413 2755 449 2789 vi
464 2756 501 2790 et
521 2756 706 2800 gravitate
724 2757 885 2799 quadam
904 2768 987 2791 con-

312 2801 461 2834 firmans
480 2801 602 2835 addit:
628 2811 753 2836 nemo
781 2813 831 2836 ex
856 2802 988 2837 vobis

315 2845 523 2880 omnibus
580 2846 665 2888 est,
720 2846 849 2880 cuius
905 2858 987 2891 ego

1055 1104 1141 1128 non
1166 1093 1340 1137 possim
1365 1104 1445 1138 pro
1471 1094 1626 1128 aetate
1658 1104 1713 1138 pa

1054 1139 1125 1173 ter
1157 1149 1266 1173 esse.
1316 1138 1358 1172 In
1388 1139 1445 1173 his
1477 1135 1637 1179 οὐδενός
1668 1149 1735 1184 per

1056 1183 1317 1218 attractionem
1337 1185 1525 1236 quandam
1551 1183 1653 1219 casui
1677 1194 1734 1218 se-

1055 1228 1203 1271 quentis
1216 1229 1445 1274 pronominis
1465 1224 1485 1264 o'
1495 1242 1542 1264 το
1553 1243 1575 1264 υ
1593 1238 1734 1264 accom-

1054 1273 1248 1308 modatum
1274 1276 1340 1317 est,
1367 1275 1408 1308 ut
1432 1274 1529 1308 infra
1553 1286 1591 1318 p.
1606 1277 1671 1309 323
1688 1273 1732 1308 G:

1056 1317 1112 1358 ὡς
1158 1316 1373 1375 ἀναγκαῖον
1415 1317 1561 1354 οὐδένα
1609 1314 1732 1354 όντιν’

1056 1362 1142 1408 ουχὶ
1184 1384 1225 1389 —
1267 1364 1461 1409 μετέχειν,
1503 1365 1541 1398 et
1579 1363 1734 1398 πάντων

1056 1409 1242 1452 abundat,
1280 1411 1322 1444 ut
1357 1420 1419 1465 ap.
1452 1409 1645 1443 Demosth.
1683 1418 1734 1445 or

1056 1458 1115 1492 20
1143 1458 1177 1488 3.
1213 1438 1257 1489 οὗ
1287 1468 1359 1508 γαρ
1398 1452 1500 1488 ἔστιν
1542 1451 1605 1497 ἐφ’
1643 1450 1734 1488 ὅτου

1056 1498 1169 1533 τοῦτο
1184 1497 1229 1533 οὗ
1242 1498 1468 1534 πεπόνθατε
1482 1498 1555 1533 τῶν
1569 1495 1735 1534 πάντων.

1101 1564 1132 1595 4.
1173 1559 1284 1595 καθ’
1322 1560 1517 1606 ἡλικίαν
1557 1558 1735 1605 πατὴρ]

1056 1605 1167 1655 Apud
1212 1606 1419 1661 Homerum
1465 1605 1604 1661 Nestor
1647 1604 1734 1638 Dio-

1057 1645 1227 1694 1116(11εῆ
1251 1648 1328 1695 μὴν
1347 1651 1412 1686 καὶ
1430 1649 1514 1690 νέος
1534 1647 1625 1703 εσσί,
1646 1646 1736 1695 ε’μὸς

1058 1693 1102 1729 δέ
1117 1707 1159 1730 κε
1176 1696 1240 1731 καὶ
1254 1696 1346 1736 ποὶῖς
1362 1697 1441 1740 εἴης
1457 1693 1735 1739 ὸπλότατοςγε-

1057 1741 1187 1784 νεῇφι.
1220 1739 1341 1781 Quum
1368 1750 1456 1775 vero
1476 1740 1584 1774 multi
1601 1740 1736 1775 Graeci

1055 1785 1131 1818 iam
1150 1785 1467 1820 duodevicessimo
1486 1785 1620 1819 aetatis
1638 1794 1735 1819 anno

1057 1830 1245 1873 completo
1270 1830 1308 1864 in
1325 1830 1603 1864 matrimonium
1628 1830 1736 1872 irent,

1057 1886 1102 1909 ex
1127 1874 1183 1908 his
1210 1874 1331 1910 verbis
1356 1875 1395 1909 id
1426 1886 1539 1909 unum
1565 1874 1735 1918 efficitur,

1056 1919 1303 1963 Protagoram
1322 1919 1514 1954 minimum
1529 1919 1662 1963 viginti
1675 1930 1738 1953 an-

1056 1964 1112 1999 nis
1149 1975 1263 2007 quum
1294 1964 1451 1999 Prodico
1488 1966 1526 1999 et
1561 1964 1734 2008 Hippiae,

1057 2010 1137 2042 tum
1164 2009 1306 2043 Socrati
1337 2010 1460 2044 aetate
1491 2008 1735 2053 praestitisse.

1103 2074 1134 2106 6.
1157 2068 1376 2106 οἱποὶντων
1403 2069 1627 2106 ἐναντίον
1646 2072 1733 2105 τῶν

1060 2114 1197 2151 ἔνδον
1233 2113 1410 2166 ὄντων]
1451 2126 1574 2150 coram
1618 2115 1736 2149 omni-

1061 2161 1144 2203 bus,
1177 2161 1242 2204 qui
1265 2160 1367 2195 intus
1392 2161 1493 2202 sunt3
1525 2171 1600 2195 non
1624 2161 1735 2196 modo

1061 2216 1184 2240 coram
1209 2206 1254 2240 iis
1280 2205 1502 2249 quibuscum
1518 2205 1578 2240 hic
1596 2216 1734 2247 versor,

1060 2251 1126 2285 sed
1174 2250 1286 2285 etiam
1336 2261 1462 2286 coram
1500 2250 1657 2285 Prodico
1700 2251 1737 2285 et

1060 2295 1199 2350 Iinppia
1240 2288 1443 2340 eoiumque
1492 2295 1735 2332 auditoribus.

1060 2337 1255 2384 ἁπάντων,
1283 2352 1365 2375 cum
1390 2352 1428 2390 vi
1449 2341 1612 2383 quadam
1628 2351 1735 2383 prae-

1060 2387 1224 2440 missum,
1252 2386 1300 2420 ad
1325 2385 1495 2430 proxima
1518 2387 1592 2419 τῶν
1624 2385 1736 2421 ἔνδον

1059 2428 1178 2467 ὄντων
1197 2430 1375 2474 pertinet

1104 2491 1135 2522 8.
1154 2487 1209 2531 τῷ
1230 2483 1732 2543 Ιππίᾳὲνδείξασθαι]

1061 2532 1114 2566 De
1141 2524 1350 2565 discrimine
1364 2523 1567 2566 verborum
1593 2528 1736 2566 ἐπιδεί-

1060 2579 1230 2611 κνυσθαι
1263 2577 1301 2610 et
1332 2573 1610 2611 ἐνδείκνυσθαι
1635 2576 1734 2610 recte

1060 2621 1180 2656 Schol.
1207 2620 1254 2655 ad
1285 2620 1669 2658 Alcibiad.1..105
1686 2621 1733 2655 Β.

1058 2663 1106 2702 τὸ
1141 2664 1457 2719 ἐνδείξασθαι
1490 2633 1567 2701 ἐπὶ
1584 2667 1649 2700 τοῦ
1675 2669 1734 2700 λο-

1058 2712 1193 2756 γισμοῦ
1225 2708 1370 2767 τάττει,
1406 2708 1447 2746 τὸ
1481 2708 1523 2745 δὲ
1555 2708 1734 2745 ἐπιδεί-

1059 2758 1235 2799 ξασθαι
1267 2754 1328 2790 ἐπὶ
1355 2757 1421 2791 τοῦ
1446 2753 1648 2806 οξποτοὶδην
1674 2755 1734 2798 ((16

1059 2811 1113 2841 eo,
1140 2801 1240 2845 quod
1266 2801 1435 2835 directe
1460 2812 1483 2834 1.
1502 2811 1532 2835 6,
1560 2811 1605 2835 re
1630 2801 1737 2846 ipsa

1059 2827 1296 2887 ostenditur).
1321 2846 1450 2881 Stallb.
