1907 3230
89 881 144 923 v,10

111 1215 143 1241 15

589 164 923 203 PROTAGORAS.
947 164 987 198 P.
1014 168 1080 200 350
1105 163 1173 199 ST.
1510 166 1590 208 163

170 266 430 321 Σώκρατες,
476 264 505 308 ἂ
551 265 706 319 ἔλεγόν
749 281 796 307 τε
840 266 915 307 καὶ
956 263 1264 319 ἀπεκρινάμην
1309 275 1393 306 σοι.
1453 267 1589 320 ἔγωγε

169 333 412 389 ἐρωτηθεὶς
432 331 520 375 ὑπό
544 335 641 386 σοῦ,
675 333 716 374 εἰ
744 332 792 374 οί
817 331 1017 383 ἀνδρεῖοι
1038 331 1284 385 θαρραλέοι
1308 332 1436 385 εἰσίν,
1469 330 1588 386 ὠμο-

168 401 355 455 λόγησα·
390 401 431 443 εἰ
459 401 508 442 δὲ
539 397 612 441 καὶ
633 400 679 441 οἱ
694 398 942 453 θαρραλέοι
965 397 1181 451 ἀνδρεῖοι,
1214 397 1296 440 οὐκ
1319 397 1584 453 ἠρωτήθην·

169 469 210 510 εἰ
235 467 321 522 γάρ
352 483 404 522 με
437 469 568 509 τοῦτο
598 465 729 521 ἤρου,
771 463 899 507 εἷπον
937 462 1009 519 ἄν,
1050 463 1117 507 ὅτι
1156 464 1211 507 οὐ
1252 467 1428 514 πάντες.
1489 462 1591 515 τοὺς

169 535 218 577 δὲ
249 533 486 588 ἀνδρείους
515 531 573 583 ὥς
603 531 658 575 ού
689 534 936 587 θαρραλέοι
969 533 1068 586 εἰσί,
1100 531 1149 574 τὸ
1182 532 1291 586 ἐμὸν
1314 531 1585 587 ὁμολόγημα,
1604 538 1635 573 D

167 600 370 655 οὐδαμοῦ
409 601 657 653 ἐπέδειξας,
698 598 759 649 αἷς
796 597 881 641 οὐκ
920 598 1071 654 ὀρθῶς
1101 598 1380 654 ὡμολόγησα.
1442 602 1590 641 ἔπειτα

166 670 271 718 τοὺς
302 668 623 721 ἐπισταμένους
652 665 816 717 αὐτοὺς
847 667 1019 710 ἑαυτῶν
1039 667 1438 721 θαρραλεωτέρους
1460 665 1590 717 ὄντας

166 735 434 790 ἀποφαίνεις
477 737 548 776 καὶ
586 733 644 789 μὴ
685 735 995 788 ἐπισταμένων
1033 733 1207 788 ἄλλων,
1247 733 1322 775 καὶ
1359 735 1410 776 ἐν
1446 734 1590 790 τούτῳ

167 807 251 846 οἴει
282 803 364 858 τὴν
396 801 615 855 ἀνδρείαν
644 802 718 843 καὶ
749 802 831 856 τὴν
863 803 1030 855 σοφίαν
1060 799 1226 843 ταύτὸν
1259 797 1385 842 εἶναι.
1446 801 1589 856 τούτῳ

169 871 219 912 δὲ
258 873 316 924 τῷ
355 869 504 925 τρόπῳ
540 867 704 922 μετιών
743 869 818 910 καὶ
854 867 936 922 τὴν
975 867 1106 921 ἰσχὺν
1145 869 1345 922 οἰηθείης
1383 866 1442 909 ἄν
1473 865 1589 910 εἶναι

166 941 346 991 σοφίαν.
407 938 586 991 πρῶτον
624 935 707 990 μὲν
743 935 830 990 γὰρ
872 936 912 977 εί
947 934 1064 977 οὕτω
1102 932 1267 990 μετιών
1298 934 1419 988 ἔροιό
1448 950 1516 989 με,
1550 937 1590 977 εἰ

165 1004 211 1046 οἱ
237 1005 412 1059 ἰσχυροὶ
435 1004 626 1045 δυνατοί
643 1004 742 1056 εἰσι,
775 1004 917 1057 φαίην
948 1000 1022 1044 ἅν·
1057 1004 1223 1056 ἔπειτα,
1259 1003 1298 1044 εἰ
1327 1002 1374 1043 οἱ
1401 1002 1585 1044 ε’πιστοέ-
1610 1007 1639 1041 Ε

163 1087 291 1126 μενοι
330 1072 537 1113 παλαίειν
584 1069 891 1124 δυνατώτεροί
928 1071 1012 1111 εἰσι
1049 1073 1141 1111 τῶν
1178 1069 1235 1123 μή
1280 1069 1586 1122 ἐπισταμένων

163 1141 371 1180 παλαίειν
416 1138 488 1179 καὶ
531 1136 657 1179 αὐτοὶ
699 1135 866 1190 αὐτῶν,
914 1135 1098 1179 ἐπειδὰν
1139 1136 1364 1190 μάθωσιν,
1410 1133 1438 1190 ἢ
1477 1135 1586 1191 πρὶν

166 1211 346 1259 μαθεῖν,
379 1207 518 1259 φαίην
549 1204 628 1246 ἄν·
660 1208 799 1246 ταῦτα
839 1204 887 1246 δὲ
928 1205 1038 1258 ἐμοῦ
1069 1202 1431 1258 ὁμολογήσαντος
1470 1204 1584 1258 ἐξείη

164 1271 220 1314 ἄν
257 1284 343 1326 σοι,
381 1273 591 1328 χρωμένῳ
629 1279 720 1321 τοῖς
751 1270 902 1321 αὐτοῖς
933 1273 1186 1326 τεκμηρίοις
1215 1272 1404 1324 τούτοις,
1436 1271 1584 1324 λέγειν

274 1422 307 1452 4.
333 1420 468 1453 τοῦτο
493 1418 697 1472 apograph.
714 1417 870 1452 Parisin.
890 1421 994 1452 1811:
1021 1419 1059 1451 et
1082 1418 1153 1451 fuit
1168 1417 1261 1451 haec
1278 1415 1445 1466 vulgaris
1470 1416 1580 1451 lectio

162 1464 248 1498 ante
272 1463 589 1518 Bekkerum,qu1
613 1462 710 1504 τότε,
736 1462 836 1505 quod
861 1463 918 1497 est
941 1462 978 1496 in
1004 1462 1032 1495 B
1058 1464 1096 1496 et
1113 1461 1155 1504 T,
1181 1461 1334 1505 recepit
1362 1463 1474 1496 τοῦτο
1499 1472 1578 1496 ser

162 1507 267 1542 vavit
296 1508 379 1548 Ast,
412 1507 449 1541 in
481 1505 585 1542 τοῦτ’
618 1507 860 1542 mutaverunt
884 1506 1057 1550 Hirschig
1082 1508 1120 1541 et
1144 1489 1298 1541 ’Schanz
1348 1505 1468 1547 Quum
1492 1516 1581 1540 vero

164 1552 348 1587 Ciceronis
378 1553 592 1587 testimonio
631 1553 832 1594 (orat.44‚
869 1553 945 1593 151)
984 1552 1129 1586 constet
1165 1551 1361 1585 Platonem
1400 1550 1581 1585 vocalium

163 1598 441 1632 concursionem
466 1608 539 1631 non
565 1597 676 1631 modo
701 1607 776 1630 non
800 1596 954 1641 fugisse,
980 1596 1045 1631 sed
1069 1607 1180 1640 saepe
1199 1596 1244 1630 de
1261 1595 1444 1629 industria
1460 1595 1584 1629 hiulca

161 1643 330 1692 oratione
361 1653 469 1676 usum
501 1652 598 1684 esse,
631 1641 853 1686 scripturam
880 1641 969 1676 olim
1002 1641 1194 1686 vulgatam
1226 1641 1407 1684 praetuli;
1439 1640 1584 1674 nullum

162 1687 260 1722 0111111
286 1687 449 1722 0118101118
474 1688 735 1730 argumentum
767 1698 804 1720 m
835 1686 939 1721 libris
973 1687 1007 1724 11
1032 1686 1055 1720 1.
1080 1686 1151 1729 dep
1153 1685 1373 1739 rehenditur
1405 1686 1443 1719 et
1471 1686 1583 1719 τοῦτο

189 1745 257 1776 ρου
281 1732 510 1775 Protagorae
537 1731 710 1774 dictioni,
742 1731 805 1774 qui
829 1730 940 1765 modo
967 1717 1014 1775 (p
1043 1735 1108 1765 350
1133 1730 1180 1774 A)
1207 1723 1324 1764 ταλλα
1350 1729 1387 1763 111
1413 1727 1460 1763 τὰ
1487 1726 1582 1763 ἄλλα

161 1746 402 1821 dilataverat,
444 1776 677 1822 aptissimum
717 1777 784 1810 est.
846 1776 1018 1811 Ceterum
1057 1775 1131 1810 vid.
1166 1775 1280 1809 etiam
1313 1774 1359 1808 ad
1390 1785 1426 1819 p.
1459 1778 1523 1809 352
1554 1774 1583 1808 E

162 1823 200 1856 et
224 1826 290 1857 330
315 1822 353 1857 C.
424 1825 456 1856 6.
483 1818 745 1864 §meabas
771 1834 825 1861 ως
853 1841 893 1846 -
917 1817 1154 1865 ωμολόγησα,
1180 1818 1314 1854 ἔπειτα
1338 1818 1521 1864 Hirschig.

906 1966 1021 2008 quum
1039 1954 1291 2004 praemisisset
1308 1951 1349 1988 τὸ
1378 1951 1468 1996 ἐμὸν
1495 1950 1582 1998 ὁμο-

907 1999 1301 2044 λόγημα,811ρο1·101·8,
1325 1998 1441 2033 veluti
1465 1999 1583 2052 negli-

906 2055 996 2098 gens
1007 2027 1198 2098 deinceps
1223 2043 1370 2077 addidit
1393 2043 1499 2078 haec.
1534 2057 1583 2083 ως

159 1966 282 1999 neque
313 1957 439 1991 tamen
473 1967 577 1995 eum,
616 1956 679 1998 qui
711 1955 834 1989 audax

159 2002 217 2043 sit,
243 2011 390 2045 semper
415 2011 471 2035 ess
475 2011 493 2035 e
518 2001 673 2042 fortem,
698 2002 739 2033 ut
763 2010 836 2034 non

161 2046 209 2081 sit
226 2056 465 2088 consequens
495 2045 595 2088 quod
613 2045 657 2079 de
677 2044 836 2093 audacia

160 2101 247 2125 vere
272 2090 346 2124 dici
369 2090 498 2134 possit,
522 2089 621 2124 idem
647 2089 807 2124 cader'e
798 2100 835 2123 ln

158 2134 428 2177 fortitudinem,
445 2147 478 2171 v
497 2145 580 2171 ann
599 2134 647 2169 ad
664 2145 698 2178 p
714 2138 776 2168 351
793 2134 835 2169 B.

205 2195 235 2225 4.
274 2203 386 2231 τους
423 2190 473 2225 δε
512 2186 762 2242 ἀνδρείους
794 2210 835 2215 -

159 2249 243 2271 ουκ
276 2233 426 2280 ὀρθῶς
459 2232 748 2279 ὡμολόγησα]
784 2235 835 2268 de

159 2281 359 2316 fortibus
385 2281 553 2321 autem,
585 2289 659 2314 008
694 2279 834 2313 auda-

160 2337 231 2361 ces
257 2336 374 2368 esse,
408 2325 453 2359 id
479 2325 597 2369 quod
624 2334 705 2368 ego
731 2334 835 2358 con-

160 2371 295 2413 cessi,
343 2337 502 2404 nulloq
512 2370 640 2404 modo
682 2370 835 2402 osten-

160 2416 271 2450 disti
296 2426 362 2450 me
387 2425 472 2449 non
498 2415 625 2449 recte
652 2423 835 2447 conces-

160 2460 285 2495 sisse.
350 2460 453 2494 Hanc
493 2470 572 2494 esse
612 2458 835 2493 sententiam

160 2506 356 2540 verborum
369 2505 483 2539 totius
497 2503 758 2548 disputationis
781 2513 834 2537 se-

160 2550 253 2584 riem
277 2549 587 2594 perspicientibus
611 2559 683 2583 non
709 2549 835 2592 potest

160 2596 359 2630 obscurum
391 2605 479 2631 esse
527 2594 604 2629 Nec
635 2593 748 2627 dubia
778 2594 836 2627 est

159 2640 255 2675 ratio
270 2639 526 2685 grammatica.
553 2639 734 2674 00111118αο
750 2639 836 2671 sunt

160 2685 257 2719 enim
272 2686 366 2719 duae
390 2684 692 2734 constructiones.
719 2682 832 2737 Quip-

160 2740 206 2785 pe
232 2730 437 2764 orationem
468 2729 519 2763 810
549 2728 835 2782 οξά10118ετοὺς

162 2773 204 2809 δε
235 2773 437 2818 α’νδρειόυς
469 2787 518 2814 ως
551 2770 596 2808 οὐ
622 2773 834 2817 θαρραλέοι

163 2817 246 2860 εἰσί,
260 2819 340 2853 sola
353 2820 469 2854 verba
489 2816 664 2863 οὐδαμοῦ
685 2817 833 2854 ἐπέδει-

163 2865 229 2906 ξας
254 2864 292 2897 111
317 2863 439 2898 animo
464 2863 640 2899 habebat.
682 2863 755 2898 Sed
779 2862 834 2897 his

905 2086 974 2124 οὐκ
999 2085 1128 2143 ὀρθῶς
1155 2085 1398 2142 ὡμολόγησα.
1446 2088 1579 2131 Itaque

905 2136 991 2179 post
1027 2132 1069 2168 τὸ
1102 2131 1211 2187 ἐμὸν
1225 2131 1447 2185 ὁμολόγημα
1476 2143 1584 2182 prae-

907 2180 1017 2213 eunte
1035 2179 1167 2213 Astio
1192 2175 1432 2221 ὑποστιγμήν
1457 2188 1582 2221 posui-

906 2235 998 2257 mus.
1027 2223 1246 2258 Germanice
1268 2223 1361 2256 haec
1375 2222 1583 2257 imitatione

905 2267 1584 2357 {XfflffisefficssssffrSss‘ssrsissh‘ss

905 2368 994 2391 was
1012 2356 1583 2406 memZugestandnlswar

907 2402 1003 2442 (dass
1028 2403 1088 2437 die
1113 2403 1300 2447 Tapferen
1326 2402 1442 2436 dreist
1473 2402 1582 2444 sind),

906 2447 984 2482 das
1007 2447 1113 2482 hast
1130 2447 1184 2481 du
1202 2447 1486 2490 keineswegs
1504 2457 1582 2490 ge—

905 2493 1046 2536 zeigt,
1102 2493 1204 2527 dass
1260 2492 1330 2525 ich
1383 2490 1584 2525 wammeh

905 2537 1054 2572 dieses
1078 2537 1211 2571 nicht
1242 2535 1433 2584 richtig·
1445 2546 1582 2578 zuge-

904 2582 1098 2617 standen
1151 2582 1279 2616 habe.
1330 2601 1371 2606 —
1421 2578 1582 2615 ἔπειτα

905 2624 1013 2667 τοὺς
1038 2624 1100 2664 ἐπ.
1140 2626 1320 2680 Loquitur
1345 2625 1451 2670 quasi
1475 2635 1581 2668 prae-

905 2672 1073 2706 cessisset
1096 2673 1246 2715 πρῶτον
1272 2669 1354 2715 μέν.
1382 2669 1512 2705 Stallb.

943 2732 994 2765 16,
1009 2733 1106 2768 τοῖς
1124 2726 1287 2767 αυτοῖς
1305 2726 1583 2770 τεκμηρίοις

905 2771 1104 2817 τούτοις]
1136 2773 1193 2807 1118
1224 2771 1354 2806 iisdem
1386 2781 1581 2815 argumen-

904 2818 960 2852 tis.
988 2819 1031 2855 cf.
1050 2829 1086 2862 p.
1109 2823 1174 2854 320
1188 2818 1230 2854 A.
1257 2816 1365 2852 355E
1384 2817 1421 2850 et
1437 2815 1583 2859 Kriiger

907 2862 967 2898 Gr.
995 2867 1047 2899 50.
1078 2867 1128 2906 11,
1156 2867 1207 2897 19.

1244 2921 1311 2952 11*
