<?xml version="1.0" encoding="UTF-8"?>
<!DOCTYPE html PUBLIC "-//W3C//DTD XHTML 1.0 Transitional//EN"
    "http://www.w3.org/TR/xhtml1/DTD/xhtml1-transitional.dtd">
<html xmlns="http://www.w3.org/1999/xhtml" xml:lang="en" lang="en">
 <head>
  <title>
</title>
<meta http-equiv="Content-Type" content="text/html;charset=utf-8" />
  <meta name='ocr-system' content='tesseract 3.04.00' />
  <meta name='ocr-capabilities' content='ocr_page ocr_carea ocr_par ocr_line ocrx_word'/>
</head>
<body>
  <div class='ocr_page' id='page_1' title='image "./protagorascumpro00platuoft/protagorascumpro00platuoft_0033.png"; bbox 0 0 1907 3230; ppageno 0'>
   <div class='ocr_carea' id='block_1_1' title="bbox 680 161 1590 204">
    <p class='ocr_par' dir='ltr' id='par_1_1' title="bbox 680 161 1590 204">
     <span class='ocr_line' id='line_1_1' title="bbox 680 161 1590 204; baseline -0.001 -7"><span class='ocrx_word' id='word_1_1' title='bbox 680 162 745 197; x_wconf 90' lang='lat' dir='ltr'>AD</span> <span class='ocrx_word' id='word_1_2' title='bbox 770 161 1120 199; x_wconf 85' lang='lat' dir='ltr'>PROTAGORAM.</span> <span class='ocrx_word' id='word_1_3' title='bbox 1537 163 1590 204; x_wconf 79' lang='lat'>21</span> 
     </span>
    </p>
   </div>
   <div class='ocr_carea' id='block_1_2' title="bbox 173 261 1606 2509">
    <p class='ocr_par' dir='ltr' id='par_1_2' title="bbox 173 261 1599 712">
     <span class='ocr_line' id='line_1_2' title="bbox 174 261 1596 321; baseline -0.003 -13"><span class='ocrx_word' id='word_1_4' title='bbox 174 279 298 321; x_wconf 87' lang='lat' dir='ltr'>posse</span> <span class='ocrx_word' id='word_1_5' title='bbox 327 264 556 307; x_wconf 86' lang='lat' dir='ltr'>videbitur.</span> <span class='ocrx_word' id='word_1_6' title='bbox 619 263 681 304; x_wconf 80' lang='lat' dir='ltr'>Tu</span> <span class='ocrx_word' id='word_1_7' title='bbox 714 265 873 313; x_wconf 88' lang='lat' dir='ltr'>contra,</span> <span class='ocrx_word' id='word_1_8' title='bbox 907 263 977 317; x_wconf 88' lang='lat' dir='ltr'>qui</span> <span class='ocrx_word' id='word_1_9' title='bbox 1009 263 1208 304; x_wconf 84' lang='lat' dir='ltr'>virtutem</span> <span class='ocrx_word' id='word_1_10' title='bbox 1238 261 1463 316; x_wconf 81' lang='lat' dir='ltr'>disciplina</span> <span class='ocrx_word' id='word_1_11' title='bbox 1485 277 1596 304; x_wconf 91' lang='lat' dir='ltr'>com-</span> 
     </span>
     <span class='ocr_line' id='line_1_3' title="bbox 173 318 1595 376; baseline -0.004 -13"><span class='ocrx_word' id='word_1_12' title='bbox 173 321 316 376; x_wconf 89' lang='lat' dir='ltr'>parari</span> <span class='ocrx_word' id='word_1_13' title='bbox 336 334 460 375; x_wconf 89' lang='lat' dir='ltr'>posse</span> <span class='ocrx_word' id='word_1_14' title='bbox 482 323 608 361; x_wconf 86' lang='lat' dir='ltr'>antea</span> <span class='ocrx_word' id='word_1_15' title='bbox 628 319 780 370; x_wconf 80' lang='lat' dir='ltr'>aiebas,</span> <span class='ocrx_word' id='word_1_16' title='bbox 804 333 918 360; x_wconf 91' lang='lat' dir='ltr'>nunc</span> <span class='ocrx_word' id='word_1_17' title='bbox 942 319 1199 360; x_wconf 88' lang='lat' dir='ltr'>contrarium</span> <span class='ocrx_word' id='word_1_18' title='bbox 1222 320 1408 359; x_wconf 90' lang='lat' dir='ltr'>statuere</span> <span class='ocrx_word' id='word_1_19' title='bbox 1429 318 1595 367; x_wconf 83' lang='lat' dir='ltr'>videris,</span> 
     </span>
     <span class='ocr_line' id='line_1_4' title="bbox 174 374 1595 432; baseline -0.003 -13"><span class='ocrx_word' id='word_1_20' title='bbox 174 378 331 432; x_wconf 85' lang='lat' dir='ltr'>quippe</span> <span class='ocrx_word' id='word_1_21' title='bbox 362 391 493 431; x_wconf 90' lang='lat' dir='ltr'>quum</span> <span class='ocrx_word' id='word_1_22' title='bbox 523 376 564 417; x_wconf 90' lang='lat' dir='ltr'>id</span> <span class='ocrx_word' id='word_1_23' title='bbox 597 375 764 417; x_wconf 87' lang='lat' dir='ltr'>efficere</span> <span class='ocrx_word' id='word_1_24' title='bbox 795 375 980 425; x_wconf 75' lang='lat' dir='ltr'>studeas,</span> <span class='ocrx_word' id='word_1_25' title='bbox 1012 378 1058 416; x_wconf 87' lang='lat' dir='ltr'>ut</span> <span class='ocrx_word' id='word_1_26' title='bbox 1089 374 1234 429; x_wconf 87' lang='lat' dir='ltr'>quavis</span> <span class='ocrx_word' id='word_1_27' title='bbox 1268 375 1349 415; x_wconf 86' lang='lat' dir='ltr'>alia</span> <span class='ocrx_word' id='word_1_28' title='bbox 1380 389 1425 415; x_wconf 93' lang='lat' dir='ltr'>re</span> <span class='ocrx_word' id='word_1_29' title='bbox 1455 375 1595 428; x_wconf 87' lang='lat' dir='ltr'>potius</span> 
     </span>
     <span class='ocr_line' id='line_1_5' title="bbox 173 430 1598 489; baseline -0.004 -14"><span class='ocrx_word' id='word_1_30' title='bbox 173 448 300 489; x_wconf 89' lang='lat' dir='ltr'>quam</span> <span class='ocrx_word' id='word_1_31' title='bbox 333 434 512 475; x_wconf 88' lang='lat' dir='ltr'>scientia</span> <span class='ocrx_word' id='word_1_32' title='bbox 541 434 743 473; x_wconf 89' lang='lat' dir='ltr'>contenta</span> <span class='ocrx_word' id='word_1_33' title='bbox 774 446 864 473; x_wconf 90' lang='lat' dir='ltr'>esse</span> <span class='ocrx_word' id='word_1_34' title='bbox 893 431 1096 472; x_wconf 87' lang='lat' dir='ltr'>videatur.</span> <span class='ocrx_word' id='word_1_35' title='bbox 1127 455 1183 461; x_wconf 88' lang='lat'><em>-</em></span> <span class='ocrx_word' id='word_1_36' title='bbox 1214 430 1434 483; x_wconf 73' lang='lat' dir='ltr'>Quocirca,</span> <span class='ocrx_word' id='word_1_37' title='bbox 1468 445 1598 484; x_wconf 89' lang='lat' dir='ltr'>quum</span> 
     </span>
     <span class='ocr_line' id='line_1_6' title="bbox 175 487 1597 543; baseline -0.004 -11"><span class='ocrx_word' id='word_1_38' title='bbox 175 490 321 532; x_wconf 89' lang='lat' dir='ltr'>omnia</span> <span class='ocrx_word' id='word_1_39' title='bbox 356 490 461 530; x_wconf 90' lang='lat' dir='ltr'>mire</span> <span class='ocrx_word' id='word_1_40' title='bbox 490 487 739 543; x_wconf 88' lang='lat' dir='ltr'>perturbata</span> <span class='ocrx_word' id='word_1_41' title='bbox 769 489 1011 541; x_wconf 76' lang='lat' dir='ltr'>temereque</span> <span class='ocrx_word' id='word_1_42' title='bbox 1042 487 1175 527; x_wconf 83' lang='lat' dir='ltr'>mixta</span> <span class='ocrx_word' id='word_1_43' title='bbox 1205 487 1447 536; x_wconf 82' lang='lat' dir='ltr'>videamus,</span> <span class='ocrx_word' id='word_1_44' title='bbox 1482 487 1597 540; x_wconf 91' lang='lat' dir='ltr'>equi-</span> 
     </span>
     <span class='ocr_line' id='line_1_7' title="bbox 174 543 1597 600; baseline -0.003 -13"><span class='ocrx_word' id='word_1_45' title='bbox 174 547 269 587; x_wconf 88' lang='lat' dir='ltr'>dem</span> <span class='ocrx_word' id='word_1_46' title='bbox 299 545 516 600; x_wconf 82' lang='lat' dir='ltr'>pervelim,</span> <span class='ocrx_word' id='word_1_47' title='bbox 548 546 595 585; x_wconf 91' lang='lat' dir='ltr'>ut</span> <span class='ocrx_word' id='word_1_48' title='bbox 626 543 677 585; x_wconf 93' lang='lat' dir='ltr'>ad</span> <span class='ocrx_word' id='word_1_49' title='bbox 708 544 876 585; x_wconf 89' lang='lat' dir='ltr'>virtutis</span> <span class='ocrx_word' id='word_1_50' title='bbox 906 545 1104 584; x_wconf 89' lang='lat' dir='ltr'>naturam</span> <span class='ocrx_word' id='word_1_51' title='bbox 1130 543 1501 597; x_wconf 74' lang='lat' dir='ltr'>contemplandam</span> <span class='ocrx_word' id='word_1_52' title='bbox 1530 556 1597 583; x_wconf 91' lang='lat' dir='ltr'>ac-</span> 
     </span>
     <span class='ocr_line' id='line_1_8' title="bbox 175 599 1599 656; baseline -0.004 -12"><span class='ocrx_word' id='word_1_53' title='bbox 175 603 391 656; x_wconf 88' lang='lat' dir='ltr'>cedamus,</span> <span class='ocrx_word' id='word_1_54' title='bbox 435 615 484 642; x_wconf 91' lang='lat' dir='ltr'>ac</span> <span class='ocrx_word' id='word_1_55' title='bbox 522 603 612 641; x_wconf 91' lang='lat' dir='ltr'>tum</span> <span class='ocrx_word' id='word_1_56' title='bbox 651 599 818 641; x_wconf 89' lang='lat' dir='ltr'>demum</span> <span class='ocrx_word' id='word_1_57' title='bbox 858 600 1012 641; x_wconf 86' lang='lat' dir='ltr'>iterum</span> <span class='ocrx_word' id='word_1_58' title='bbox 1051 614 1319 654; x_wconf 86' lang='lat' dir='ltr'>quaeramus,</span> <span class='ocrx_word' id='word_1_59' title='bbox 1368 602 1509 640; x_wconf 88' lang='lat' dir='ltr'>utrum</span> <span class='ocrx_word' id='word_1_60' title='bbox 1550 613 1599 639; x_wconf 88' lang='lat' dir='ltr'>ea</span> 
     </span>
     <span class='ocr_line' id='line_1_9' title="bbox 175 657 675 712; baseline -0.002 -12"><span class='ocrx_word' id='word_1_61' title='bbox 175 659 316 700; x_wconf 90' lang='lat' dir='ltr'>doceri</span> <span class='ocrx_word' id='word_1_62' title='bbox 347 657 493 712; x_wconf 87' lang='lat' dir='ltr'>possit,</span> <span class='ocrx_word' id='word_1_63' title='bbox 527 671 675 700; x_wconf 87' lang='lat' dir='ltr'>necne.</span> 
     </span>
    </p>

    <p class='ocr_par' dir='ltr' id='par_1_3' title="bbox 173 711 1600 1091">
     <span class='ocr_line' id='line_1_10' title="bbox 287 711 1593 768; baseline -0.003 -13"><span class='ocrx_word' id='word_1_64' title='bbox 287 714 369 756; x_wconf 89' lang='lat' dir='ltr'>Sed</span> <span class='ocrx_word' id='word_1_65' title='bbox 398 713 658 768; x_wconf 73' lang='lat' dir='ltr'>Protagoras</span> <span class='ocrx_word' id='word_1_66' title='bbox 701 712 813 753; x_wconf 91' lang='lat' dir='ltr'>hanc</span> <span class='ocrx_word' id='word_1_67' title='bbox 844 712 1193 766; x_wconf 86' lang='lat' dir='ltr'>disputationem,</span> <span class='ocrx_word' id='word_1_68' title='bbox 1237 725 1364 765; x_wconf 87' lang='lat' dir='ltr'>quum</span> <span class='ocrx_word' id='word_1_69' title='bbox 1397 711 1477 752; x_wconf 90' lang='lat' dir='ltr'>sibi</span> <span class='ocrx_word' id='word_1_70' title='bbox 1507 711 1593 751; x_wconf 91' lang='lat' dir='ltr'>iam</span> 
     </span>
     <span class='ocr_line' id='line_1_11' title="bbox 174 767 1598 823; baseline -0.003 -12"><span class='ocrx_word' id='word_1_71' title='bbox 174 771 226 812; x_wconf 94' lang='lat' dir='ltr'>ad</span> <span class='ocrx_word' id='word_1_72' title='bbox 258 770 371 811; x_wconf 85' lang='lat' dir='ltr'>aliud</span> <span class='ocrx_word' id='word_1_73' title='bbox 402 769 502 823; x_wconf 91' lang='lat' dir='ltr'>quid</span> <span class='ocrx_word' id='word_1_74' title='bbox 525 768 808 810; x_wconf 90' lang='lat' dir='ltr'>accedendum</span> <span class='ocrx_word' id='word_1_75' title='bbox 830 769 897 821; x_wconf 87' lang='lat' dir='ltr'>sit,</span> <span class='ocrx_word' id='word_1_76' title='bbox 929 769 974 809; x_wconf 92' lang='lat' dir='ltr'>in</span> <span class='ocrx_word' id='word_1_77' title='bbox 996 767 1111 808; x_wconf 90' lang='lat' dir='ltr'>aliud</span> <span class='ocrx_word' id='word_1_78' title='bbox 1132 770 1301 821; x_wconf 87' lang='lat' dir='ltr'>tempus</span> <span class='ocrx_word' id='word_1_79' title='bbox 1323 767 1598 808; x_wconf 88' lang='lat' dir='ltr'>differendam</span> 
     </span>
     <span class='ocr_line' id='line_1_12' title="bbox 174 823 1600 878; baseline -0.004 -10"><span class='ocrx_word' id='word_1_80' title='bbox 174 841 265 868; x_wconf 90' lang='lat' dir='ltr'>esse</span> <span class='ocrx_word' id='word_1_81' title='bbox 297 826 412 878; x_wconf 89' lang='lat' dir='ltr'>dicit,</span> <span class='ocrx_word' id='word_1_82' title='bbox 445 824 663 867; x_wconf 79' lang='lat' dir='ltr'>Socratem</span> <span class='ocrx_word' id='word_1_83' title='bbox 693 828 834 866; x_wconf 88' lang='lat' dir='ltr'>autem</span> <span class='ocrx_word' id='word_1_84' title='bbox 856 824 1097 878; x_wconf 89' lang='lat' dir='ltr'>magnificis</span> <span class='ocrx_word' id='word_1_85' title='bbox 1119 825 1245 865; x_wconf 91' lang='lat' dir='ltr'>ornat</span> <span class='ocrx_word' id='word_1_86' title='bbox 1265 823 1461 864; x_wconf 85' lang='lat' dir='ltr'>laudibus</span> <span class='ocrx_word' id='word_1_87' title='bbox 1484 837 1600 864; x_wconf 90' lang='lat' dir='ltr'>eum-</span> 
     </span>
     <span class='ocr_line' id='line_1_13' title="bbox 176 879 1600 937; baseline -0.004 -13"><span class='ocrx_word' id='word_1_88' title='bbox 176 897 256 937; x_wconf 90' lang='lat' dir='ltr'>que</span> <span class='ocrx_word' id='word_1_89' title='bbox 287 882 545 923; x_wconf 79' lang='lat' dir='ltr'>vaticinatur</span> <span class='ocrx_word' id='word_1_90' title='bbox 575 881 803 935; x_wconf 88' lang='lat' dir='ltr'>aliquando</span> <span class='ocrx_word' id='word_1_91' title='bbox 828 881 958 922; x_wconf 88' lang='lat' dir='ltr'>talem</span> <span class='ocrx_word' id='word_1_92' title='bbox 979 880 1185 933; x_wconf 86' lang='lat' dir='ltr'>futurum,</span> <span class='ocrx_word' id='word_1_93' title='bbox 1218 880 1289 934; x_wconf 91' lang='lat' dir='ltr'>qui</span> <span class='ocrx_word' id='word_1_94' title='bbox 1311 879 1461 920; x_wconf 89' lang='lat' dir='ltr'>merito</span> <span class='ocrx_word' id='word_1_95' title='bbox 1484 879 1600 920; x_wconf 88' lang='lat' dir='ltr'>inter</span> 
     </span>
     <span class='ocr_line' id='line_1_14' title="bbox 174 935 1595 992; baseline -0.004 -12"><span class='ocrx_word' id='word_1_96' title='bbox 174 939 285 980; x_wconf 87' lang='lat' dir='ltr'>viros</span> <span class='ocrx_word' id='word_1_97' title='bbox 332 938 567 992; x_wconf 86' lang='lat' dir='ltr'>sapientiae</span> <span class='ocrx_word' id='word_1_98' title='bbox 612 937 736 979; x_wconf 88' lang='lat' dir='ltr'>laude</span> <span class='ocrx_word' id='word_1_99' title='bbox 783 937 1035 991; x_wconf 88' lang='lat' dir='ltr'>conspicuos</span> <span class='ocrx_word' id='word_1_100' title='bbox 1088 937 1302 977; x_wconf 88' lang='lat' dir='ltr'>numerari</span> <span class='ocrx_word' id='word_1_101' title='bbox 1342 935 1488 989; x_wconf 87' lang='lat' dir='ltr'>possit.</span> <span class='ocrx_word' id='word_1_102' title='bbox 1542 959 1595 964; x_wconf 84' lang='lat'>——</span> 
     </span>
     <span class='ocr_line' id='line_1_15' title="bbox 173 991 1596 1091; baseline -0.003 -55"><span class='ocrx_word' id='word_1_103' title='bbox 173 994 253 1036; x_wconf 91' lang='lat' dir='ltr'>His</span> <span class='ocrx_word' id='word_1_104' title='bbox 293 995 417 1091; x_wconf 48' lang='lat' dir='ltr'>diclt3is</span> <span class='ocrx_word' id='word_1_105' title='bbox 457 994 693 1048; x_wconf 86' lang='lat' dir='ltr'>auditisque</span> <span class='ocrx_word' id='word_1_106' title='bbox 731 992 927 1035; x_wconf 82' lang='lat' dir='ltr'>Socrates</span> <span class='ocrx_word' id='word_1_107' title='bbox 967 995 1009 1034; x_wconf 89' lang='lat' dir='ltr'>et</span> <span class='ocrx_word' id='word_1_108' title='bbox 1039 992 1324 1046; x_wconf 80' lang='lat' dir='ltr'>Hippocrates</span> <span class='ocrx_word' id='word_1_109' title='bbox 1364 991 1596 1033; x_wconf 88' lang='lat' dir='ltr'>discedunt.</span> 
     </span>
    </p>

    <p class='ocr_par' dir='ltr' id='par_1_4' title="bbox 173 1103 1606 2509">
     <span class='ocr_line' id='line_1_16' title="bbox 287 1103 1599 1161; baseline -0.004 -13"><span class='ocrx_word' id='word_1_110' title='bbox 287 1106 405 1149; x_wconf 89' lang='lat' dir='ltr'>Haec</span> <span class='ocrx_word' id='word_1_111' title='bbox 449 1106 580 1161; x_wconf 88' lang='lat' dir='ltr'>igitur</span> <span class='ocrx_word' id='word_1_112' title='bbox 624 1120 788 1146; x_wconf 89' lang='lat' dir='ltr'>summa</span> <span class='ocrx_word' id='word_1_113' title='bbox 834 1108 897 1146; x_wconf 90' lang='lat' dir='ltr'>est</span> <span class='ocrx_word' id='word_1_114' title='bbox 934 1105 1051 1155; x_wconf 87' lang='lat' dir='ltr'>libri,</span> <span class='ocrx_word' id='word_1_115' title='bbox 1097 1105 1167 1159; x_wconf 88' lang='lat' dir='ltr'>qui</span> <span class='ocrx_word' id='word_1_116' title='bbox 1208 1104 1399 1146; x_wconf 86' lang='lat' dir='ltr'>omnium</span> <span class='ocrx_word' id='word_1_117' title='bbox 1444 1103 1599 1144; x_wconf 85' lang='lat' dir='ltr'>iudicio</span> 
     </span>
     <span class='ocr_line' id='line_1_17' title="bbox 174 1159 1602 1217; baseline -0.004 -13"><span class='ocrx_word' id='word_1_118' title='bbox 174 1163 388 1217; x_wconf 84' lang='lat' dir='ltr'>insignem</span> <span class='ocrx_word' id='word_1_119' title='bbox 432 1163 560 1204; x_wconf 90' lang='lat' dir='ltr'>habet</span> <span class='ocrx_word' id='word_1_120' title='bbox 604 1162 706 1203; x_wconf 86' lang='lat' dir='ltr'>artis</span> <span class='ocrx_word' id='word_1_121' title='bbox 749 1161 1076 1216; x_wconf 90' lang='lat' dir='ltr'>perfectionem,</span> <span class='ocrx_word' id='word_1_122' title='bbox 1121 1163 1169 1201; x_wconf 91' lang='lat' dir='ltr'>ut</span> <span class='ocrx_word' id='word_1_123' title='bbox 1209 1174 1335 1201; x_wconf 88' lang='lat' dir='ltr'>nemo</span> <span class='ocrx_word' id='word_1_124' title='bbox 1376 1174 1471 1200; x_wconf 89' lang='lat' dir='ltr'>eum</span> <span class='ocrx_word' id='word_1_125' title='bbox 1510 1159 1602 1200; x_wconf 92' lang='lat' dir='ltr'>sine</span> 
     </span>
     <span class='ocr_line' id='line_1_18' title="bbox 174 1214 1602 1273; baseline -0.004 -13"><span class='ocrx_word' id='word_1_126' title='bbox 174 1219 494 1273; x_wconf 87' lang='lat' dir='ltr'>limpidissimae</span> <span class='ocrx_word' id='word_1_127' title='bbox 537 1218 769 1272; x_wconf 83' lang='lat' dir='ltr'>voluptatis</span> <span class='ocrx_word' id='word_1_128' title='bbox 809 1232 935 1258; x_wconf 88' lang='lat' dir='ltr'>sensu</span> <span class='ocrx_word' id='word_1_129' title='bbox 965 1218 1107 1272; x_wconf 86' lang='lat' dir='ltr'>legere</span> <span class='ocrx_word' id='word_1_130' title='bbox 1146 1219 1290 1270; x_wconf 85' lang='lat' dir='ltr'>queat,</span> <span class='ocrx_word' id='word_1_131' title='bbox 1344 1219 1386 1256; x_wconf 93' lang='lat' dir='ltr'>et</span> <span class='ocrx_word' id='word_1_132' title='bbox 1423 1215 1477 1256; x_wconf 90' lang='lat' dir='ltr'>ab</span> <span class='ocrx_word' id='word_1_133' title='bbox 1519 1214 1602 1256; x_wconf 91' lang='lat' dir='ltr'>hoc</span> 
     </span>
     <span class='ocr_line' id='line_1_19' title="bbox 176 1271 1603 1330; baseline -0.004 -14"><span class='ocrx_word' id='word_1_134' title='bbox 176 1275 443 1330; x_wconf 89' lang='lat' dir='ltr'>potissimum</span> <span class='ocrx_word' id='word_1_135' title='bbox 482 1274 650 1328; x_wconf 80' lang='lat' dir='ltr'>dialogo</span> <span class='ocrx_word' id='word_1_136' title='bbox 681 1274 1001 1315; x_wconf 87' lang='lat' dir='ltr'>Platonicorum</span> <span class='ocrx_word' id='word_1_137' title='bbox 1039 1273 1243 1313; x_wconf 91' lang='lat' dir='ltr'>librorum</span> <span class='ocrx_word' id='word_1_138' title='bbox 1281 1271 1511 1312; x_wconf 90' lang='lat' dir='ltr'>lectionem</span> <span class='ocrx_word' id='word_1_139' title='bbox 1541 1271 1603 1311; x_wconf 92' lang='lat' dir='ltr'>in-</span> 
     </span>
     <span class='ocr_line' id='line_1_20' title="bbox 175 1327 1603 1386; baseline -0.004 -14"><span class='ocrx_word' id='word_1_140' title='bbox 175 1330 414 1386; x_wconf 87' lang='lat' dir='ltr'>cipiendam</span> <span class='ocrx_word' id='word_1_141' title='bbox 459 1344 550 1371; x_wconf 88' lang='lat' dir='ltr'>esse</span> <span class='ocrx_word' id='word_1_142' title='bbox 588 1329 882 1380; x_wconf 86' lang='lat' dir='ltr'>Heindorfius,</span> <span class='ocrx_word' id='word_1_143' title='bbox 934 1329 1201 1370; x_wconf 88' lang='lat' dir='ltr'>acutissimus</span> <span class='ocrx_word' id='word_1_144' title='bbox 1242 1327 1433 1368; x_wconf 86' lang='lat' dir='ltr'>Platonis</span> <span class='ocrx_word' id='word_1_145' title='bbox 1472 1327 1603 1367; x_wconf 89' lang='lat' dir='ltr'>inter-</span> 
     </span>
     <span class='ocr_line' id='line_1_21' title="bbox 173 1383 1602 1442; baseline -0.004 -13"><span class='ocrx_word' id='word_1_146' title='bbox 173 1402 289 1442; x_wconf 90' lang='lat' dir='ltr'>pres,</span> <span class='ocrx_word' id='word_1_147' title='bbox 335 1387 380 1428; x_wconf 89' lang='lat' dir='ltr'>in</span> <span class='ocrx_word' id='word_1_148' title='bbox 427 1386 611 1428; x_wconf 85' lang='lat' dir='ltr'>editione</span> <span class='ocrx_word' id='word_1_149' title='bbox 656 1385 914 1441; x_wconf 88' lang='lat' dir='ltr'>Protagorae</span> <span class='ocrx_word' id='word_1_150' title='bbox 958 1400 998 1439; x_wconf 87' lang='lat' dir='ltr'>p.</span> <span class='ocrx_word' id='word_1_151' title='bbox 1038 1385 1121 1426; x_wconf 81' lang='lat'>463</span> <span class='ocrx_word' id='word_1_152' title='bbox 1165 1384 1401 1425; x_wconf 89' lang='lat' dir='ltr'>rectissime</span> <span class='ocrx_word' id='word_1_153' title='bbox 1445 1383 1602 1424; x_wconf 91' lang='lat' dir='ltr'>iudica-</span> 
     </span>
     <span class='ocr_line' id='line_1_22' title="bbox 174 1439 1603 1497; baseline -0.004 -12"><span class='ocrx_word' id='word_1_154' title='bbox 174 1444 247 1486; x_wconf 87' lang='lat' dir='ltr'>vit.</span> <span class='ocrx_word' id='word_1_155' title='bbox 307 1443 421 1485; x_wconf 89' lang='lat' dir='ltr'>Nam</span> <span class='ocrx_word' id='word_1_156' title='bbox 461 1457 589 1497; x_wconf 91' lang='lat' dir='ltr'>quum</span> <span class='ocrx_word' id='word_1_157' title='bbox 620 1455 776 1497; x_wconf 90' lang='lat' dir='ltr'>magna</span> <span class='ocrx_word' id='word_1_158' title='bbox 814 1442 859 1482; x_wconf 91' lang='lat' dir='ltr'>in</span> <span class='ocrx_word' id='word_1_159' title='bbox 890 1455 938 1482; x_wconf 90' lang='lat' dir='ltr'>eo</span> <span class='ocrx_word' id='word_1_160' title='bbox 968 1443 1123 1496; x_wconf 87' lang='lat' dir='ltr'>regnat</span> <span class='ocrx_word' id='word_1_161' title='bbox 1153 1440 1357 1481; x_wconf 88' lang='lat' dir='ltr'>orationis</span> <span class='ocrx_word' id='word_1_162' title='bbox 1389 1439 1603 1494; x_wconf 88' lang='lat' dir='ltr'>elegantia</span> 
     </span>
     <span class='ocr_line' id='line_1_23' title="bbox 175 1495 1604 1554; baseline -0.004 -13"><span class='ocrx_word' id='word_1_163' title='bbox 175 1503 217 1542; x_wconf 89' lang='lat' dir='ltr'>et</span> <span class='ocrx_word' id='word_1_164' title='bbox 265 1502 489 1553; x_wconf 82' lang='lat' dir='ltr'>venustas,</span> <span class='ocrx_word' id='word_1_165' title='bbox 549 1499 789 1554; x_wconf 86' lang='lat' dir='ltr'>argumenti</span> <span class='ocrx_word' id='word_1_166' title='bbox 838 1498 1021 1539; x_wconf 87' lang='lat' dir='ltr'>varietas</span> <span class='ocrx_word' id='word_1_167' title='bbox 1073 1499 1199 1551; x_wconf 90' lang='lat' dir='ltr'>atque</span> <span class='ocrx_word' id='word_1_168' title='bbox 1249 1496 1417 1538; x_wconf 90' lang='lat' dir='ltr'>iocandi</span> <span class='ocrx_word' id='word_1_169' title='bbox 1465 1495 1604 1536; x_wconf 90' lang='lat' dir='ltr'>riden-</span> 
     </span>
     <span class='ocr_line' id='line_1_24' title="bbox 175 1552 1603 1610; baseline -0.004 -13"><span class='ocrx_word' id='word_1_170' title='bbox 175 1557 301 1610; x_wconf 90' lang='lat' dir='ltr'>dique</span> <span class='ocrx_word' id='word_1_171' title='bbox 346 1557 391 1597; x_wconf 90' lang='lat' dir='ltr'>in</span> <span class='ocrx_word' id='word_1_172' title='bbox 437 1570 601 1596; x_wconf 89' lang='lat' dir='ltr'>summa</span> <span class='ocrx_word' id='word_1_173' title='bbox 640 1569 781 1596; x_wconf 87' lang='lat' dir='ltr'>rerum</span> <span class='ocrx_word' id='word_1_174' title='bbox 819 1554 1029 1609; x_wconf 87' lang='lat' dir='ltr'>gravitate</span> <span class='ocrx_word' id='word_1_175' title='bbox 1066 1553 1280 1601; x_wconf 87' lang='lat' dir='ltr'>hilaritas,</span> <span class='ocrx_word' id='word_1_176' title='bbox 1327 1555 1418 1593; x_wconf 89' lang='lat' dir='ltr'>tum</span> <span class='ocrx_word' id='word_1_177' title='bbox 1457 1552 1603 1593; x_wconf 89' lang='lat' dir='ltr'>omnia</span> 
     </span>
     <span class='ocr_line' id='line_1_25' title="bbox 176 1608 1603 1666; baseline -0.004 -12"><span class='ocrx_word' id='word_1_178' title='bbox 176 1612 497 1654; x_wconf 90' lang='lat' dir='ltr'>accuratissima</span> <span class='ocrx_word' id='word_1_179' title='bbox 528 1612 752 1666; x_wconf 79' lang='lat' dir='ltr'>diligentia</span> <span class='ocrx_word' id='word_1_180' title='bbox 783 1610 995 1664; x_wconf 86' lang='lat' dir='ltr'>descripta</span> <span class='ocrx_word' id='word_1_181' title='bbox 1026 1613 1137 1651; x_wconf 88' lang='lat' dir='ltr'>sunt.</span> <span class='ocrx_word' id='word_1_182' title='bbox 1198 1609 1330 1650; x_wconf 88' lang='lat' dir='ltr'>Velut</span> <span class='ocrx_word' id='word_1_183' title='bbox 1360 1608 1492 1650; x_wconf 88' lang='lat' dir='ltr'>oculis</span> <span class='ocrx_word' id='word_1_184' title='bbox 1515 1622 1603 1649; x_wconf 89' lang='lat' dir='ltr'>cer-</span> 
     </span>
     <span class='ocr_line' id='line_1_26' title="bbox 174 1664 1602 1717; baseline -0.004 -7"><span class='ocrx_word' id='word_1_185' title='bbox 174 1670 314 1710; x_wconf 89' lang='lat' dir='ltr'>nimus</span> <span class='ocrx_word' id='word_1_186' title='bbox 353 1669 497 1709; x_wconf 90' lang='lat' dir='ltr'>domos</span> <span class='ocrx_word' id='word_1_187' title='bbox 529 1668 715 1710; x_wconf 83' lang='lat' dir='ltr'>Socratis</span> <span class='ocrx_word' id='word_1_188' title='bbox 757 1670 799 1708; x_wconf 88' lang='lat' dir='ltr'>et</span> <span class='ocrx_word' id='word_1_189' title='bbox 840 1666 999 1708; x_wconf 82' lang='lat' dir='ltr'>Calliae</span> <span class='ocrx_word' id='word_1_190' title='bbox 1049 1667 1162 1707; x_wconf 89' lang='lat' dir='ltr'>inter</span> <span class='ocrx_word' id='word_1_191' title='bbox 1207 1679 1250 1706; x_wconf 92' lang='lat' dir='ltr'>se</span> <span class='ocrx_word' id='word_1_192' title='bbox 1282 1664 1602 1717; x_wconf 89' lang='lat' dir='ltr'>dissimillimas,</span> 
     </span>
     <span class='ocr_line' id='line_1_27' title="bbox 175 1720 1597 1778; baseline -0.005 -12"><span class='ocrx_word' id='word_1_193' title='bbox 175 1725 248 1766; x_wconf 88' lang='lat' dir='ltr'>ubi</span> <span class='ocrx_word' id='word_1_194' title='bbox 292 1728 494 1778; x_wconf 89' lang='lat' dir='ltr'>tanquam</span> <span class='ocrx_word' id='word_1_195' title='bbox 524 1724 570 1765; x_wconf 89' lang='lat' dir='ltr'>in</span> <span class='ocrx_word' id='word_1_196' title='bbox 610 1738 735 1764; x_wconf 91' lang='lat' dir='ltr'>scena</span> <span class='ocrx_word' id='word_1_197' title='bbox 765 1724 867 1764; x_wconf 87' lang='lat' dir='ltr'>haec</span> <span class='ocrx_word' id='word_1_198' title='bbox 900 1724 994 1764; x_wconf 89' lang='lat' dir='ltr'>acta</span> <span class='ocrx_word' id='word_1_199' title='bbox 1025 1735 1115 1763; x_wconf 90' lang='lat' dir='ltr'>esse</span> <span class='ocrx_word' id='word_1_200' title='bbox 1145 1722 1389 1776; x_wconf 88' lang='lat' dir='ltr'>finguntur,</span> <span class='ocrx_word' id='word_1_201' title='bbox 1431 1720 1597 1774; x_wconf 89' lang='lat' dir='ltr'>ipsique</span> 
     </span>
     <span class='ocr_line' id='line_1_28' title="bbox 175 1776 1600 1829; baseline -0.004 -7"><span class='ocrx_word' id='word_1_202' title='bbox 175 1781 297 1822; x_wconf 92' lang='lat' dir='ltr'>nobis</span> <span class='ocrx_word' id='word_1_203' title='bbox 345 1780 520 1821; x_wconf 86' lang='lat' dir='ltr'>alternis</span> <span class='ocrx_word' id='word_1_204' title='bbox 560 1779 645 1820; x_wconf 88' lang='lat' dir='ltr'>illis</span> <span class='ocrx_word' id='word_1_205' title='bbox 684 1779 949 1820; x_wconf 84' lang='lat' dir='ltr'>sermonibus</span> <span class='ocrx_word' id='word_1_206' title='bbox 987 1779 1192 1819; x_wconf 82' lang='lat' dir='ltr'>interesse</span> <span class='ocrx_word' id='word_1_207' title='bbox 1233 1776 1444 1826; x_wconf 89' lang='lat' dir='ltr'>videmur,</span> <span class='ocrx_word' id='word_1_208' title='bbox 1494 1789 1600 1829; x_wconf 90' lang='lat' dir='ltr'>quos</span> 
     </span>
     <span class='ocr_line' id='line_1_29' title="bbox 176 1833 1602 1892; baseline -0.005 -13"><span class='ocrx_word' id='word_1_209' title='bbox 176 1837 248 1892; x_wconf 91' lang='lat' dir='ltr'>qui</span> <span class='ocrx_word' id='word_1_210' title='bbox 286 1836 469 1886; x_wconf 86' lang='lat' dir='ltr'>habent,</span> <span class='ocrx_word' id='word_1_211' title='bbox 514 1850 589 1876; x_wconf 84' lang='lat' dir='ltr'>sua</span> <span class='ocrx_word' id='word_1_212' title='bbox 627 1835 804 1890; x_wconf 89' lang='lat' dir='ltr'>quisque</span> <span class='ocrx_word' id='word_1_213' title='bbox 844 1834 1010 1876; x_wconf 89' lang='lat' dir='ltr'>dicendi</span> <span class='ocrx_word' id='word_1_214' title='bbox 1051 1833 1217 1874; x_wconf 88' lang='lat' dir='ltr'>ratione</span> <span class='ocrx_word' id='word_1_215' title='bbox 1255 1834 1432 1873; x_wconf 89' lang='lat' dir='ltr'>utuntur</span> <span class='ocrx_word' id='word_1_216' title='bbox 1470 1845 1602 1885; x_wconf 91' lang='lat' dir='ltr'>eaque</span> 
     </span>
     <span class='ocr_line' id='line_1_30' title="bbox 176 1887 1602 1948; baseline -0.004 -14"><span class='ocrx_word' id='word_1_217' title='bbox 176 1893 422 1948; x_wconf 87' lang='lat' dir='ltr'>proferunt,</span> <span class='ocrx_word' id='word_1_218' title='bbox 473 1892 624 1945; x_wconf 89' lang='lat' dir='ltr'>quibus</span> <span class='ocrx_word' id='word_1_219' title='bbox 673 1895 833 1932; x_wconf 88' lang='lat' dir='ltr'>certam</span> <span class='ocrx_word' id='word_1_220' title='bbox 878 1891 942 1931; x_wconf 89' lang='lat' dir='ltr'>sui</span> <span class='ocrx_word' id='word_1_221' title='bbox 979 1890 1144 1944; x_wconf 90' lang='lat' dir='ltr'>ingenii</span> <span class='ocrx_word' id='word_1_222' title='bbox 1182 1889 1364 1930; x_wconf 89' lang='lat' dir='ltr'>formam</span> <span class='ocrx_word' id='word_1_223' title='bbox 1403 1887 1602 1929; x_wconf 85' lang='lat' dir='ltr'>distincte</span> 
     </span>
     <span class='ocr_line' id='line_1_31' title="bbox 175 1944 1603 2004; baseline -0.004 -14"><span class='ocrx_word' id='word_1_224' title='bbox 175 1949 439 2004; x_wconf 82' lang='lat' dir='ltr'>exprimant3</span> <span class='ocrx_word' id='word_1_225' title='bbox 478 1947 585 1988; x_wconf 88' lang='lat' dir='ltr'>nihil</span> <span class='ocrx_word' id='word_1_226' title='bbox 616 1948 663 1988; x_wconf 89' lang='lat' dir='ltr'>in</span> <span class='ocrx_word' id='word_1_227' title='bbox 693 1947 744 1988; x_wconf 90' lang='lat' dir='ltr'>iis</span> <span class='ocrx_word' id='word_1_228' title='bbox 775 1946 965 2002; x_wconf 86' lang='lat' dir='ltr'>languidi</span> <span class='ocrx_word' id='word_1_229' title='bbox 995 1948 1067 1987; x_wconf 89' lang='lat' dir='ltr'>aut</span> <span class='ocrx_word' id='word_1_230' title='bbox 1087 1945 1236 1986; x_wconf 90' lang='lat' dir='ltr'>inertis</span> <span class='ocrx_word' id='word_1_231' title='bbox 1267 1944 1470 1999; x_wconf 88' lang='lat' dir='ltr'>dignique</span> <span class='ocrx_word' id='word_1_232' title='bbox 1502 1946 1603 1984; x_wconf 91' lang='lat' dir='ltr'>sunt</span> 
     </span>
     <span class='ocr_line' id='line_1_32' title="bbox 178 2000 1602 2058; baseline -0.005 -11"><span class='ocrx_word' id='word_1_233' title='bbox 178 2020 355 2047; x_wconf 87' lang='lat' dir='ltr'>assensu</span> <span class='ocrx_word' id='word_1_234' title='bbox 386 2007 428 2046; x_wconf 91' lang='lat' dir='ltr'>et</span> <span class='ocrx_word' id='word_1_235' title='bbox 460 2004 656 2053; x_wconf 82' lang='lat' dir='ltr'>elamore,</span> <span class='ocrx_word' id='word_1_236' title='bbox 689 2003 842 2058; x_wconf 87' lang='lat' dir='ltr'>quibus</span> <span class='ocrx_word' id='word_1_237' title='bbox 874 2002 1093 2044; x_wconf 86' lang='lat' dir='ltr'>audientes</span> <span class='ocrx_word' id='word_1_238' title='bbox 1124 2001 1262 2042; x_wconf 89' lang='lat' dir='ltr'>studia</span> <span class='ocrx_word' id='word_1_239' title='bbox 1293 2015 1368 2041; x_wconf 89' lang='lat' dir='ltr'>sua</span> <span class='ocrx_word' id='word_1_240' title='bbox 1397 2000 1602 2041; x_wconf 87' lang='lat' dir='ltr'>indicant.</span> 
     </span>
     <span class='ocr_line' id='line_1_33' title="bbox 178 2056 1606 2112; baseline -0.005 -9"><span class='ocrx_word' id='word_1_241' title='bbox 178 2061 433 2103; x_wconf 87' lang='lat' dir='ltr'>Plutarchus</span> <span class='ocrx_word' id='word_1_242' title='bbox 475 2060 702 2112; x_wconf 81' lang='lat' dir='ltr'>narrat31),</span> <span class='ocrx_word' id='word_1_243' title='bbox 743 2059 902 2100; x_wconf 89' lang='lat' dir='ltr'>Romae</span> <span class='ocrx_word' id='word_1_244' title='bbox 933 2073 1012 2100; x_wconf 90' lang='lat' dir='ltr'>usu</span> <span class='ocrx_word' id='word_1_245' title='bbox 1043 2058 1210 2099; x_wconf 84' lang='lat' dir='ltr'>venisse</span> <span class='ocrx_word' id='word_1_246' title='bbox 1249 2057 1292 2098; x_wconf 89' lang='lat' dir='ltr'>in</span> <span class='ocrx_word' id='word_1_247' title='bbox 1324 2056 1528 2097; x_wconf 87' lang='lat' dir='ltr'>conviviis</span> <span class='ocrx_word' id='word_1_248' title='bbox 1558 2059 1606 2097; x_wconf 90' lang='lat' dir='ltr'>ut</span> 
     </span>
     <span class='ocr_line' id='line_1_34' title="bbox 182 2113 1602 2172; baseline -0.004 -14"><span class='ocrx_word' id='word_1_249' title='bbox 182 2118 303 2172; x_wconf 91' lang='lat' dir='ltr'>pueri</span> <span class='ocrx_word' id='word_1_250' title='bbox 334 2131 385 2158; x_wconf 83' lang='lat' dir='ltr'>ex</span> <span class='ocrx_word' id='word_1_251' title='bbox 406 2116 598 2157; x_wconf 89' lang='lat' dir='ltr'>Platonis</span> <span class='ocrx_word' id='word_1_252' title='bbox 630 2116 812 2170; x_wconf 90' lang='lat' dir='ltr'>dialogis</span> <span class='ocrx_word' id='word_1_253' title='bbox 843 2115 1082 2164; x_wconf 89' lang='lat' dir='ltr'>facillimos,</span> <span class='ocrx_word' id='word_1_254' title='bbox 1115 2127 1219 2168; x_wconf 91' lang='lat' dir='ltr'>quos</span> <span class='ocrx_word' id='word_1_255' title='bbox 1240 2115 1416 2167; x_wconf 90' lang='lat' dir='ltr'>propter</span> <span class='ocrx_word' id='word_1_256' title='bbox 1438 2113 1602 2153; x_wconf 87' lang='lat' dir='ltr'>drama-</span> 
     </span>
     <span class='ocr_line' id='line_1_35' title="bbox 177 2170 1605 2219; baseline -0.004 -4"><span class='ocrx_word' id='word_1_257' title='bbox 177 2174 308 2216; x_wconf 86' lang='lat' dir='ltr'>ticam</span> <span class='ocrx_word' id='word_1_258' title='bbox 347 2175 545 2214; x_wconf 87' lang='lat' dir='ltr'>naturam</span> <span class='ocrx_word' id='word_1_259' title='bbox 585 2172 858 2213; x_wconf 89' lang='lat' dir='ltr'>edidicissent</span> <span class='ocrx_word' id='word_1_260' title='bbox 899 2172 1143 2212; x_wconf 86' lang='lat' dir='ltr'>memoriter</span> <span class='ocrx_word' id='word_1_261' title='bbox 1181 2170 1241 2211; x_wconf 91' lang='lat' dir='ltr'>ita</span> <span class='ocrx_word' id='word_1_262' title='bbox 1270 2170 1519 2219; x_wconf 84' lang='lat' dir='ltr'>recitarent,</span> <span class='ocrx_word' id='word_1_263' title='bbox 1557 2170 1605 2209; x_wconf 92' lang='lat' dir='ltr'>ut</span> 
     </span>
     <span class='ocr_line' id='line_1_36' title="bbox 179 2225 1603 2282; baseline -0.004 -11"><span class='ocrx_word' id='word_1_264' title='bbox 179 2230 437 2271; x_wconf 87' lang='lat' dir='ltr'>histrionum</span> <span class='ocrx_word' id='word_1_265' title='bbox 459 2242 576 2269; x_wconf 90' lang='lat' dir='ltr'>more</span> <span class='ocrx_word' id='word_1_266' title='bbox 597 2243 745 2269; x_wconf 88' lang='lat' dir='ltr'>vocem</span> <span class='ocrx_word' id='word_1_267' title='bbox 767 2228 1036 2282; x_wconf 88' lang='lat' dir='ltr'>effingerent,</span> <span class='ocrx_word' id='word_1_268' title='bbox 1070 2226 1336 2267; x_wconf 85' lang='lat' dir='ltr'>affectionem</span> <span class='ocrx_word' id='word_1_269' title='bbox 1359 2225 1483 2266; x_wconf 90' lang='lat' dir='ltr'>dictis</span> <span class='ocrx_word' id='word_1_270' title='bbox 1506 2238 1603 2266; x_wconf 92' lang='lat' dir='ltr'>con-</span> 
     </span>
     <span class='ocr_line' id='line_1_37' title="bbox 183 2280 1603 2339; baseline -0.004 -12"><span class='ocrx_word' id='word_1_271' title='bbox 183 2287 398 2328; x_wconf 85' lang='lat' dir='ltr'>cinentem</span> <span class='ocrx_word' id='word_1_272' title='bbox 427 2285 653 2338; x_wconf 82' lang='lat' dir='ltr'>induerent</span> <span class='ocrx_word' id='word_1_273' title='bbox 683 2287 726 2325; x_wconf 87' lang='lat' dir='ltr'>et</span> <span class='ocrx_word' id='word_1_274' title='bbox 754 2286 900 2339; x_wconf 88' lang='lat' dir='ltr'>gestus</span> <span class='ocrx_word' id='word_1_275' title='bbox 930 2283 1119 2324; x_wconf 89' lang='lat' dir='ltr'>moribus</span> <span class='ocrx_word' id='word_1_276' title='bbox 1152 2296 1364 2335; x_wconf 86' lang='lat' dir='ltr'>congruos</span> <span class='ocrx_word' id='word_1_277' title='bbox 1386 2280 1603 2322; x_wconf 87' lang='lat' dir='ltr'>adderent.</span> 
     </span>
     <span class='ocr_line' id='line_1_38' title="bbox 180 2337 1601 2394; baseline -0.005 -10"><span class='ocrx_word' id='word_1_278' title='bbox 180 2342 259 2385; x_wconf 90' lang='lat' dir='ltr'>Sed</span> <span class='ocrx_word' id='word_1_279' title='bbox 300 2341 576 2383; x_wconf 88' lang='lat' dir='ltr'>dramaticam</span> <span class='ocrx_word' id='word_1_280' title='bbox 617 2341 859 2394; x_wconf 87' lang='lat' dir='ltr'>argumenti</span> <span class='ocrx_word' id='word_1_281' title='bbox 901 2339 1208 2394; x_wconf 84' lang='lat' dir='ltr'>expositionem</span> <span class='ocrx_word' id='word_1_282' title='bbox 1239 2337 1363 2379; x_wconf 87' lang='lat' dir='ltr'>Plato</span> <span class='ocrx_word' id='word_1_283' title='bbox 1402 2338 1444 2378; x_wconf 88' lang='lat' dir='ltr'>in</span> <span class='ocrx_word' id='word_1_284' title='bbox 1483 2337 1601 2378; x_wconf 89' lang='lat' dir='ltr'>nullo</span> 
     </span>
     <span class='ocr_line' id='line_1_39' title="bbox 180 2394 1599 2453; baseline -0.005 -13"><span class='ocrx_word' id='word_1_285' title='bbox 180 2398 349 2453; x_wconf 86' lang='lat' dir='ltr'>dialogo</span> <span class='ocrx_word' id='word_1_286' title='bbox 371 2397 638 2439; x_wconf 86' lang='lat' dir='ltr'>manifestius</span> <span class='ocrx_word' id='word_1_287' title='bbox 670 2399 837 2437; x_wconf 87' lang='lat' dir='ltr'>secutus</span> <span class='ocrx_word' id='word_1_288' title='bbox 869 2398 934 2437; x_wconf 87' lang='lat' dir='ltr'>est</span> <span class='ocrx_word' id='word_1_289' title='bbox 964 2410 1090 2450; x_wconf 91' lang='lat' dir='ltr'>quam</span> <span class='ocrx_word' id='word_1_290' title='bbox 1122 2395 1167 2436; x_wconf 91' lang='lat' dir='ltr'>in</span> <span class='ocrx_word' id='word_1_291' title='bbox 1197 2394 1447 2448; x_wconf 84' lang='lat' dir='ltr'>Protagora,</span> <span class='ocrx_word' id='word_1_292' title='bbox 1482 2394 1599 2434; x_wconf 89' lang='lat' dir='ltr'>cuius</span> 
     </span>
     <span class='ocr_line' id='line_1_40' title="bbox 181 2449 1602 2509; baseline -0.005 -13"><span class='ocrx_word' id='word_1_293' title='bbox 181 2455 375 2509; x_wconf 88' lang='lat' dir='ltr'>singulae</span> <span class='ocrx_word' id='word_1_294' title='bbox 407 2454 604 2507; x_wconf 81' lang='lat' dir='ltr'>deinceps</span> <span class='ocrx_word' id='word_1_295' title='bbox 636 2455 779 2507; x_wconf 87' lang='lat' dir='ltr'>partes</span> <span class='ocrx_word' id='word_1_296' title='bbox 809 2453 988 2493; x_wconf 89' lang='lat' dir='ltr'>maiores</span> <span class='ocrx_word' id='word_1_297' title='bbox 1008 2451 1165 2493; x_wconf 89' lang='lat' dir='ltr'>eisdem</span> <span class='ocrx_word' id='word_1_298' title='bbox 1185 2450 1429 2491; x_wconf 88' lang='lat' dir='ltr'>nominibus</span> <span class='ocrx_word' id='word_1_299' title='bbox 1451 2449 1602 2503; x_wconf 86' lang='lat' dir='ltr'>quibus</span> 
     </span>
    </p>
   </div>
   <div class='ocr_carea' id='block_1_3' title="bbox 181 2548 422 2552">
    <p class='ocr_par' dir='ltr' id='par_1_5' title="bbox 181 2548 422 2552">
     <span class='ocr_line' id='line_1_41' title="bbox 181 2548 422 2552; baseline 0 0"><span class='ocrx_word' id='word_1_300' title='bbox 181 2548 422 2552; x_wconf 95' lang='lat' dir='ltr'> </span> 
     </span>
    </p>
   </div>
   <div class='ocr_carea' id='block_1_4' title="bbox 182 2579 1605 2902">
    <p class='ocr_par' dir='ltr' id='par_1_6' title="bbox 182 2579 1605 2902">
     <span class='ocr_line' id='line_1_42' title="bbox 301 2579 1604 2632; baseline -0.005 -9"><span class='ocrx_word' id='word_1_301' title='bbox 301 2589 358 2632; x_wconf 87' lang='lat'>31)</span> <span class='ocrx_word' id='word_1_302' title='bbox 384 2587 612 2632; x_wconf 84' lang='lat' dir='ltr'>Symposiac.</span> <span class='ocrx_word' id='word_1_303' title='bbox 640 2586 662 2621; x_wconf 93' lang='lat' dir='ltr'>l.</span> <span class='ocrx_word' id='word_1_304' title='bbox 694 2586 773 2620; x_wconf 90' lang='lat' dir='ltr'>VII:</span> <span class='ocrx_word' id='word_1_305' title='bbox 800 2583 903 2630; x_wconf 84' lang='grc' dir='ltr'>Ἔφη</span> <span class='ocrx_word' id='word_1_306' title='bbox 931 2612 961 2623; x_wconf 86' lang='grc'>..</span> <span class='ocrx_word' id='word_1_307' title='bbox 990 2583 1159 2629; x_wconf 77' lang='grc' dir='ltr'><em>εἰσάγειν</em></span> <span class='ocrx_word' id='word_1_308' title='bbox 1191 2584 1232 2618; x_wconf 84' lang='grc' dir='ltr'>τὸ</span> <span class='ocrx_word' id='word_1_309' title='bbox 1260 2583 1393 2618; x_wconf 81' lang='grc' dir='ltr'><em>νεωστὶ</em></span> <span class='ocrx_word' id='word_1_310' title='bbox 1420 2579 1459 2617; x_wconf 79' lang='grc' dir='ltr'>ἐν</span> <span class='ocrx_word' id='word_1_311' title='bbox 1481 2579 1604 2627; x_wconf 78' lang='grc' dir='ltr'><em>Ῥώμῃ</em></span> 
     </span>
     <span class='ocr_line' id='line_1_43' title="bbox 182 2624 1603 2678; baseline -0.006 -9"><span class='ocrx_word' id='word_1_312' title='bbox 182 2634 488 2678; x_wconf 81' lang='grc' dir='ltr'><em>παρεισηγμένον</em></span> <span class='ocrx_word' id='word_1_313' title='bbox 516 2632 572 2672; x_wconf 82' lang='grc' dir='ltr'>εἰς</span> <span class='ocrx_word' id='word_1_314' title='bbox 596 2628 641 2666; x_wconf 78' lang='grc' dir='ltr'>τὰ</span> <span class='ocrx_word' id='word_1_315' title='bbox 662 2631 863 2676; x_wconf 87' lang='grc' dir='ltr'><em>συμπόσια,</em></span> <span class='ocrx_word' id='word_1_316' title='bbox 909 2632 987 2666; x_wconf 80' lang='grc' dir='ltr'><em>ἴστε</em></span> <span class='ocrx_word' id='word_1_317' title='bbox 1005 2627 1077 2675; x_wconf 76' lang='grc' dir='ltr'>γὰρ</span> <span class='ocrx_word' id='word_1_318' title='bbox 1103 2624 1162 2664; x_wconf 77' lang='grc' dir='ltr'>ὅτι</span> <span class='ocrx_word' id='word_1_319' title='bbox 1187 2631 1260 2663; x_wconf 84' lang='grc' dir='ltr'>τῶν</span> <span class='ocrx_word' id='word_1_320' title='bbox 1287 2625 1491 2668; x_wconf 76' lang='grc' dir='ltr'><em>Πλάτωνος</em></span> <span class='ocrx_word' id='word_1_321' title='bbox 1519 2628 1603 2670; x_wconf 81' lang='grc' dir='ltr'><em>διᾳ-</em></span> 
     </span>
     <span class='ocr_line' id='line_1_44' title="bbox 186 2671 1605 2724; baseline -0.006 -10"><span class='ocrx_word' id='word_1_322' title='bbox 186 2676 306 2724; x_wconf 75' lang='grc' dir='ltr'><em>λόγων</em></span> <span class='ocrx_word' id='word_1_323' title='bbox 345 2679 620 2722; x_wconf 77' lang='grc' dir='ltr'><em>διηγηματικοί</em></span> <span class='ocrx_word' id='word_1_324' title='bbox 651 2676 752 2716; x_wconf 85' lang='grc' dir='ltr'><em>τινές</em></span> <span class='ocrx_word' id='word_1_325' title='bbox 779 2676 894 2717; x_wconf 79' lang='grc' dir='ltr'><em>εἰσιν,</em></span> <span class='ocrx_word' id='word_1_326' title='bbox 925 2674 964 2710; x_wconf 79' lang='grc' dir='ltr'>οἱ</span> <span class='ocrx_word' id='word_1_327' title='bbox 994 2673 1037 2710; x_wconf 76' lang='grc' dir='ltr'>δὲ</span> <span class='ocrx_word' id='word_1_328' title='bbox 1070 2675 1311 2718; x_wconf 78' lang='grc' dir='ltr'><em>δραματικοί.</em></span> <span class='ocrx_word' id='word_1_329' title='bbox 1360 2671 1503 2708; x_wconf 81' lang='grc' dir='ltr'><em>τούτων</em></span> <span class='ocrx_word' id='word_1_330' title='bbox 1536 2672 1605 2707; x_wconf 78' lang='grc' dir='ltr'>οὐν</span> 
     </span>
     <span class='ocr_line' id='line_1_45' title="bbox 183 2712 1604 2768; baseline -0.006 -9"><span class='ocrx_word' id='word_1_331' title='bbox 183 2724 258 2759; x_wconf 82' lang='grc' dir='ltr'>τῶν</span> <span class='ocrx_word' id='word_1_332' title='bbox 295 2724 543 2768; x_wconf 77' lang='grc' dir='ltr'><em>δραματικῶν</em></span> <span class='ocrx_word' id='word_1_333' title='bbox 574 2720 663 2762; x_wconf 78' lang='grc' dir='ltr'>τούς</span> <span class='ocrx_word' id='word_1_334' title='bbox 693 2718 976 2765; x_wconf 78' lang='grc' dir='ltr'><em>ἐλαφροτάτους</em></span> <span class='ocrx_word' id='word_1_335' title='bbox 1009 2718 1306 2755; x_wconf 74' lang='grc' dir='ltr'><em>ἐκδιδάσκονται</em></span> <span class='ocrx_word' id='word_1_336' title='bbox 1338 2720 1477 2757; x_wconf 80' lang='grc' dir='ltr'><em>παῖδες</em></span> <span class='ocrx_word' id='word_1_337' title='bbox 1510 2712 1604 2752; x_wconf 69' lang='grc' dir='ltr'><em>ὥστε</em></span> 
     </span>
     <span class='ocr_line' id='line_1_46' title="bbox 184 2758 1605 2812; baseline -0.005 -9"><span class='ocrx_word' id='word_1_338' title='bbox 184 2764 258 2803; x_wconf 73' lang='grc' dir='ltr'>ἀπὸ</span> <span class='ocrx_word' id='word_1_339' title='bbox 291 2766 475 2812; x_wconf 85' lang='grc' dir='ltr'><em>στόματος</em></span> <span class='ocrx_word' id='word_1_340' title='bbox 508 2765 643 2812; x_wconf 81' lang='grc' dir='ltr'><em>λέγειν·</em></span> <span class='ocrx_word' id='word_1_341' title='bbox 694 2764 871 2810; x_wconf 78' lang='grc' dir='ltr'><em>πρόσεστι</em></span> <span class='ocrx_word' id='word_1_342' title='bbox 903 2763 946 2799; x_wconf 76' lang='grc' dir='ltr'>δὲ</span> <span class='ocrx_word' id='word_1_343' title='bbox 979 2761 1180 2809; x_wconf 78' lang='grc' dir='ltr'><em>ὑπόκρισις</em></span> <span class='ocrx_word' id='word_1_344' title='bbox 1212 2762 1410 2806; x_wconf 81' lang='grc' dir='ltr'><em>πρέπουσα</em></span> <span class='ocrx_word' id='word_1_345' title='bbox 1435 2763 1485 2807; x_wconf 79' lang='grc' dir='ltr'>τῷ</span> <span class='ocrx_word' id='word_1_346' title='bbox 1511 2758 1605 2805; x_wconf 80' lang='grc' dir='ltr'><em>ἤθει</em></span> 
     </span>
     <span class='ocr_line' id='line_1_47' title="bbox 187 2807 1605 2856; baseline -0.006 -8"><span class='ocrx_word' id='word_1_347' title='bbox 187 2813 260 2848; x_wconf 82' lang='grc' dir='ltr'>τῶν</span> <span class='ocrx_word' id='word_1_348' title='bbox 287 2811 551 2856; x_wconf 74' lang='grc' dir='ltr'><em>ὑποκειμένων</em></span> <span class='ocrx_word' id='word_1_349' title='bbox 581 2807 806 2855; x_wconf 75' lang='grc' dir='ltr'><em>προσώπων,</em></span> <span class='ocrx_word' id='word_1_350' title='bbox 838 2810 902 2845; x_wconf 73' lang='grc' dir='ltr'>καὶ</span> <span class='ocrx_word' id='word_1_351' title='bbox 935 2811 1065 2855; x_wconf 83' lang='grc' dir='ltr'><em>φωνῆς</em></span> <span class='ocrx_word' id='word_1_352' title='bbox 1094 2809 1248 2853; x_wconf 78' lang='grc' dir='ltr'><em>πλάσμα</em></span> <span class='ocrx_word' id='word_1_353' title='bbox 1273 2808 1338 2843; x_wconf 76' lang='grc' dir='ltr'>καὶ</span> <span class='ocrx_word' id='word_1_354' title='bbox 1365 2809 1509 2852; x_wconf 85' lang='grc' dir='ltr'><em>σχῆμα,</em></span> <span class='ocrx_word' id='word_1_355' title='bbox 1542 2807 1605 2840; x_wconf 84' lang='grc' dir='ltr'>καὶ</span> 
     </span>
     <span class='ocr_line' id='line_1_48' title="bbox 185 2854 956 2902; baseline -0.004 -10"><span class='ocrx_word' id='word_1_356' title='bbox 185 2857 384 2898; x_wconf 78' lang='grc' dir='ltr'><em>διαθέσεις</em></span> <span class='ocrx_word' id='word_1_357' title='bbox 411 2854 593 2902; x_wconf 72' lang='grc' dir='ltr'><em>ἑπόμεναι</em></span> <span class='ocrx_word' id='word_1_358' title='bbox 619 2862 699 2897; x_wconf 83' lang='grc' dir='ltr'><em>τοῖς</em></span> <span class='ocrx_word' id='word_1_359' title='bbox 727 2855 956 2900; x_wconf 82' lang='grc' dir='ltr'><em>λεγομένοις.</em></span> 
     </span>
    </p>
   </div>
  </div>
 </body>
</html>
