1907 3230
571 174 907 213 PROTAGORAS.
933 175 972 210 P.
998 180 1062 211 347
1089 175 1157 211 ST.

1491 176 1570 218 155

150 279 224 320 καὶ
254 277 355 329 περὶ
385 279 476 318 τῶν
505 278 726 331 μεγίστων
755 277 1036 329 ψευδόμενος
1065 276 1212 324 δοκεῖς
1233 275 1381 330 ἀληθῆ
1405 278 1565 330 λέγειν,

150 344 223 386 διὰ
253 345 395 385 ταῦτα’
427 355 476 385 σε
509 341 593 397 ἐγώ
626 343 759 395 ψέγω.

262 411 413 452 Ταῦτά
450 426 524 464 μοι
566 411 708 462 δοκεῖ,
750 404 787 451 ῶ
818 409 1019 463 Πρόδικε
1057 409 1129 450 καὶ
1161 409 1469 463 Πρωταγόρα,
1510 404 1569 463 ἦν

149 476 192 519 δ’
237 477 346 531 ε’γῶ,
382 477 637 532 Σιμωνίδης
673 476 995 531 διανοούμενος
1033 476 1324 530 πεποιηκέναι
1356 479 1486 518 τοῦτο
1517 477 1566 518 τὸ

101 555 119 581 ⁶
148 537 278 601 ᾆσμα.

260 613 362 666 Cap.
387 611 565 653 XXXII.
598 610 686 651 Καὶ
709 608 731 651 ὁ
755 609 942 662 Ἱππίας,
975 603 1042 652 Εὖ
1064 611 1146 664 μέν
1167 626 1242 664 μοι
1273 611 1433 665 δοκεῖς,
1466 612 1568 664 ἔφη,

146 674 184 721 ai
215 679 469 732 Σώκρατες,
509 677 582 719 καὶ
627 676 684 719 σὺ
729 677 831 731 περὶ
876 680 957 719 τοῦ
997 675 1191 733 ᾄσματος
1230 676 1614 731 διεληλυθέναι·Β

146 748 240 789 ἔστι
276 747 450 800 μέντοι,
489 747 593 799 ἔφη,
635 744 708 785 καὶ
747 745 844 798 ἐμοὶ
876 744 1007 798 λόγος
1044 745 1142 799 περὶ
1177 743 1318 786 αὐτοῦ
1359 737 1409 786 εὖ
1440 746 1568 798 ἔχων,

146 811 201 856 ὃν
231 811 340 867 ὑμῖν
361 812 580 863 ἐπιδείξω,
613 810 670 852 ἂν
688 812 931 866 βούλησθε.

979 810 1067 853 Καὶ
1089 810 1111 853 ὁ
1131 810 1425 866 Ἀλκιβιάδης,
1461 813 1568 864 Ναί,

93 892 126 918 10
148 882 248 934 ἔφη,
281 874 317 922 ῶ
342 878 500 929 Ἱππία,
535 874 738 927 εἰσαῦθίς
767 891 837 932 γε·
870 881 957 921 νῦν
989 879 1037 920 δὲ
1060 879 1236 920 δίκαιόν
1259 878 1382 920 ἐστιν
1402 876 1431 920 ὁὶ
1451 877 1568 933 ῶμο-

146 947 398 1001 λογησοὲτην
445 944 555 999 πρὸς
599 945 780 999 ἀλλήλω
829 946 1137 1000 Πρωταγόρας
1187 944 1261 987 καὶ
1307 947 1568 1001 Σωκράτης,

146 1015 452 1068 Πρωταγόρας
489 1014 569 1068 μὲν
608 1014 648 1054 εἰ
685 1015 748 1055 ἔτι
779 1012 989 1067 βούλεται
1021 1013 1209 1067 ἐρωτᾶν,
1243 1012 1570 1068 ἀποκρίνεσθαι

147 1081 391 1136 Σωκράτη,
440 1081 481 1122 εἰ
518 1080 566 1122 δὲ
605 1078 659 1134 δὴ
700 1081 911 1134 βούλεται
949 1080 1185 1134 Σωκράτει
1223 1079 1567 1134 ἀποκρίνεσθαι,

147 1149 320 1200 ἐρωτᾶν
342 1144 420 1189 τὸν
442 1148 610 1201 ἕτερον.
657 1146 744 1188 Καὶ
767 1146 854 1201 ἐγώ
879 1144 1025 1189 εἶπον·
1054 1146 1295 1202 Ἐπιτρέπω
1326 1147 1409 1201 μὲν
1431 1150 1569 1202 ἔγωγε

102 1228 134 1254 15
149 1215 432 1270 Πρωταγόρᾳ
462 1213 680 1268 ὁπότερον
711 1212 832 1269 αὐτῷ
860 1213 1008 1268 ἥδιον·
1052 1215 1092 1255 εἰ
1120 1215 1168 1255 δὲ
1199 1214 1426 1268 βούλεται,
1466 1216 1569 1268 περὶ
1594 1214 1620 1250 C

144 1282 228 1336 μὲν
249 1281 461 1338 ᾀσμάτων
482 1297 529 1323 τε
560 1282 633 1323 καὶ
657 1283 779 1324 ἐπῶν
802 1281 1020 1335 ἐάσωμεν,
1053 1281 1155 1334 περὶ
1186 1282 1234 1322 δὲ
1266 1275 1334 1323 ῶν
1364 1280 1412 1323 τὸ
1445 1285 1569 1336 πρῶ-

144 1365 223 1392 τον
255 1349 344 1403 ἐγώ
374 1360 424 1391 σε
454 1347 678 1403 ἥρω’τησα,
711 1341 745 1390 ai
766 1347 1064 1402 Πρωταγόρα,
1094 1347 1238 1403 ἡδέως
1268 1345 1324 1390 ἂν
1353 1350 1425 1392 ἐπὶ
1446 1349 1571 1400 τέλος

144 1418 322 1471 ἔλθοιμι
359 1414 467 1470 μετὰ
506 1419 594 1458 σοῦ
633 1416 955 1469 σκοπούμενος.

1016 1414 1089 1456 καὶ
1128 1414 1215 1469 γαρ
1256 1418 1382 1458 δοκεῖ
1414 1433 1488 1472 μοι
1519 1417 1568 1460 τὸ

145 1483 248 1537 περὶ
287 1484 507 1538 ποιήσεως
545 1482 834 1536 διαλέγεσθαι
875 1480 1140 1536 ὁμοιότατον
1180 1480 1295 1525 εἶναι
1333 1491 1424 1534 τοῖς
1455 1496 1569 1538 συμ-

97 1563 130 1590 20
147 1553 322 1599 ποσίοις
350 1557 442 1600 τοῖς
472 1552 562 1592 τῶν
593 1549 784 1605 φαύλων
814 1550 888 1591 καὶ
920 1547 1147 1605 ἀγοραίων
1178 1548 1449 1605 ἀνθρώπων.
1495 1552 1571 1593 καὶ

143 1617 229 1673 γὰρ
261 1613 387 1660 οὗτοι
418 1616 491 1659 διὰ
521 1616 569 1658 τὸ
591 1616 648 1671 μή
675 1617 903 1659 δύνασθαι
925 1615 1135 1672 ἀλλήλοις
1166 1616 1226 1659 δι’
1260 1617 1431 1660 ἑαυτῶν
1454 1630 1570 1660 συν-

154 1693 270 1728 εῖναι
316 1687 367 1728 ἐν
413 1687 474 1740 τῷ
521 1683 641 1740 πότῳ
689 1685 799 1739 μηδὲ
839 1683 913 1726 διὰ
956 1686 1033 1738 τῆς
1080 1684 1253 1727 ἑαυτῶν
1297 1688 1453 1740 φωνῆς
1496 1685 1570 1726 καὶ

265 1834 317 1866 18.
357 1829 404 1866 τὸ
442 1830 549 1873 περὶ
584 1828 815 1873 ποιήσεως
844 1850 886 1855 —-
918 1828 1048 1866 οἶνον
1083 1832 1223 1865 πίωσι
1262 1832 1353 1873 (156,
1381 1832 1415 1873 9)
1440 1830 1571 1866 laudat

147 1877 363 1912 Athenaeus
390 1876 425 1910 ΙΙ
448 1887 484 1921 p.
511 1879 553 1911 97
578 1876 620 1910 A.

144 2012 240 2046 hanc
271 2010 507 2056 aposiopesin
545 2009 823 2044 illustravimus.

143 2056 257 2091 Plene
271 2055 378 2090 Iliad.
392 2055 507 2090 XIIv.
522 2059 676 2112 336sqq.
697 2054 823 2090 Stallb.

192 2106 222 2135 7.
254 2101 332 2135 καὶ
365 2098 417 2135 σύ
454 2101 560 2144 περὶ
591 2101 672 2134 τοῦ
705 2098 820 2150 ᾀσμ.]

144 2145 226 2202 ῌοο
265 2147 334 2180 καί
370 2145 510 2179 referas
551 2145 598 2179 ad
634 2145 822 2198 proxima:

145 2190 223 2226 ἔστι
248 2189 379 2234 μέντοι
405 2190 469 2224 καὶ
497 2187 579 2234 ἐμοὶ
608 2194 728 2240 λογος
761 2189 823 2223 Di-

144 2237 196 2270 cit
225 2225 353 2270 a'utem
385 2235 477 2269 haec
515 2245 587 2269 non
619 2245 697 2269 sine
734 2244 822 2268 suae

144 2281 351 2337 sapientiae
375 2279 565 2314 iactantia.
606 2279 717 2323 Hipp
746 2280 762 2313 Ι
785 2290 822 2323 p.

143 2329 210 2361 286
235 2327 287 2359 Α.
320 2324 398 2360 ε’στι
423 2323 507 2369 γοὶρ
521 2337 585 2368 μοι
610 2325 715 2378 (περι
741 2322 823 2359 ἐπι-

145 2366 398 2423 τηδευμάτων
439 2371 579 2411 καλῶν)
627 2367 823 2425 πάγκαλος

148 2415 258 2469 λόγος
290 2417 556 2459 συγκείμενος,
593 2415 658 2449 καὶ
697 2412 824 2453 αλλοις

147 2459 189 2496 εὐ
230 2461 475 2502 διακείμενος
516 2459 581 2494 καὶ
624 2463 704 2499 τοῖς
741 2456 823 2493 ὀνό-

175 2517 248 2540 ασι.

145 2519 170 2550 μ
192 2555 246 2587 15
264 2550 370 2593 περὶ
389 2569 431 2574 -
450 2546 570 2584 ἐπῶν
596 2546 822 2593 ἐάσωμεν]

147 2605 194 2632 sc,
222 2596 284 2639 λέγ
288 2607 357 2631 ειν.
385 2605 419 2631 v.
437 2594 658 2629 Stallbaum
686 2593 733 2628 ad
759 2593 824 2627 Al-

147 2640 281 2675 cibiad.
308 2640 325 2674 I
348 2651 384 2684 p.
414 2644 476 2674 113
501 2638 678 2674 D..

195 2689 246 2720 18.
279 2698 356 2720 και
390 2698 472 2729 γαρ
504 2685 637 2719 δοκεῖ
664 2696 739 2733 μοι
764 2683 823 2728 -]

145 2730 330 2764 Acen-bam
361 2729 454 2764 haee
483 2730 565 2764 tota
595 2728 715 2763 oratio
741 2738 825 2762 con-

146 2773 243 2808 tinet
295 2774 505 2825 irrisionem
559 2774 823 2825 sophistarum

147 2819 228 2861 qui,
254 2829 366 2862 quum
391 2819 463 2864 ipsi
487 2821 659 2855 carerent
682 2818 823 2862 ingenii

149 2845 415 2907 doctrinaeque
442 2864 594 2908 opibus,
627 2866 823 2908 poetarum

894 2008 1120 2044 carminibus
1152 2009 1353 2044 recitandis
1385 2011 1423 2045 et
1457 2009 1569 2045 inter-

893 2053 1086 2098 pretandis
1114 2056 1260 2099 tempus
1296 2055 1567 2105 transigebant,

893 2099 1046 2133 mirifice
1095 2100 1323 2144 aucupantes
1364 2100 1570 2145 sapientiae

892 2143 1053 2180 laudem.
1102 2144 1234 2187 Itaque
1267 2144 1361 2179 salse
1387 2155 1449 2180 eos
1474 2155 1571 2179 com-

893 2191 1003 2238 parat
1033 2199 1116 2222 cum
1147 2189 1360 2224 hominibus
1393 2191 1571 2225 eruditio-

893 2244 947 2267 ms
978 2233 1200 2268 liberalioris
1232 2235 1462 2278 expertibus,
1495 2235 1570 2278 qui

893 2288 1007 2320 quum
1046 2289 1167 2321 neque
1203 2279 1439 2314 familiariter
1473 2281 1572 2315 inter

893 2333 930 2357 se
963 2322 1277 2366 colloquimeque
1309 2335 1442 2359 canere
1477 2324 1570 2359 didi-

894 2367 1029 2409 cerint,
1070 2367 1243 2402 tibicinas
1283 2370 1320 2403 et
1360 2369 1571 2405 saltatrices

894 2412 1070 2447 conviviis
1096 2413 1311 2455 adhibeant,
1339 2414 1494 2448 istarum
1512 2425 1567 2449 ar·

893 2457 992 2492 tibus
1023 2457 1164 2492 scilicet
1195 2469 1273 2493 Sese
1305 2459 1476 2503 gnaviter
1507 2459 1569 2494 de-

893 2501 1075 2539 lectaturi
1124 2523 1167 2527 -
1215 2500 1437 2560 αγοραῖοι
1485 2505 1572 2538 sunt

894 2546 1123 2603 Hesychio
1141 2548 1346 2599 interprete
1364 2547 1401 2583 οἵ
1417 2546 1458 2583 ἐν
1482 2548 1571 2593 α’γο-

895 2593 942 2640 ρᾷ
969 2589 1313 2636 αναστρεφόμενοι.
1345 2593 1501 2628 Horat.
1524 2594 1570 2629 A.

893 2628 933 2674 P'.
954 2649 986 2672 ν.
1009 2642 1074 2673 245
1100 2642 1210 2672 vocat
1233 2638 1455 2673 forenses.
1481 2638 1526 2673 H.
1546 2638 1571 2674 l.

893 2682 1157 2726 intelliguntur
1192 2682 1396 2718 homines
1436 2683 1571 2718 rudes

895 2728 940 2761 et
977 2727 1250 2764 illiberales
1283 2747 1326 2753 -
1361 2724 1423 2763 δι’
1465 2725 1571 2764 ἑαυ-

894 2771 984 2807 τῶν
1010 2777 1238 2809 συνεῖναι.
1286 2772 1373 2807 Mox
1399 2776 1429 2815 ᾖ,
1446 2773 1490 2807 D
1518 2773 1570 2806 di-

893 2816 990 2851 citur
1014 2815 1155 2858 αὐτούς
1182 2815 1313 2858 αὐτοῖς
1332 2816 1491 2858 ἷκανοὺς
1509 2816 1570 2852 ὅν-

894 2875 960 2902 τας
986 2867 1171 2898 συνεῖναι.
1199 2862 1329 2898 Stallb.
