1939 3214
385 134 464 175 102
962 134 1202 170 PLATONIS

327 236 359 271 D
384 237 515 276 τοῦτο
567 242 844 290 κατηγορεῖν.
912 236 976 277 ἔτι
1019 233 1105 291 γὰρ
1149 237 1199 279 ἐν
1244 235 1395 287 αὐτοῖς
1437 239 1550 280 εἰσιν
1599 237 1792 290 ἐλπίδες·

380 303 474 344 νέοι
503 302 602 357 γάρ.

495 370 597 425 Cap.
628 370 790 413 XVIII.
837 371 1142 425 Πρωταγόρας
1171 372 1254 426 μὲν
1283 373 1478 413 τοσαῦτα
1509 373 1583 415 καὶ
1611 378 1795 416 τοιαῦτα

381 436 713 491 ἐπιδειξάμενος
742 436 1032 480 ἀπεπαύσατο
1063 442 1144 481 τοῦ
1174 438 1323 493 λόγου.
1384 438 1458 480 καὶ
1490 438 1575 493 ἐγώ
1610 440 1682 483 ἐπὶ
1710 442 1794 496 μὲν

380 503 525 546 πολὺν
563 503 728 558 χρόνον
767 506 1066 560 κεκηλημένος
1105 508 1168 548 ἔτι
1205 506 1315 558 πρὸς
1346 504 1484 548 αὐτὸν
1514 509 1705 560 ἔβλεπον
1735 507 1795 559 ὥς
1824 519 1841 545 5

381 572 574 625 ἐροῦντά
612 586 674 625 τι,
716 572 956 627 ἐπιθυμῶν
996 570 1200 615 ἀκούειν·
1258 573 1354 616 ἐπεὶ
1392 573 1438 614 δὲ
1478 571 1532 628 δὴ
1568 572 1794 630 ᾐσθόμην,

380 637 447 680 ὅτι
477 641 538 693 τῷ
570 636 664 680 ὄντι
694 640 977 694 πεπαυμένος
1008 643 1091 697 εἴη,
1122 641 1250 694 μόγις
1276 655 1368 690 πως
1391 639 1585 694 ἐμαυτὸν
1607 639 1798 697 ὡσπερεὶ

378 707 648 760 συναγείρας
679 702 820 759 εἶπον,
859 708 1025 761 βλέψας
1063 706 1173 761 πρὸς
1202 706 1282 750 τὸν
1306 706 1594 764 Ἱπποκράτη·
1635 703 1688 751 Ὧι
1717 716 1803 751 παῖ

378 771 740 828 Ἀπολλοδώρου,
787 772 846 824 ὣς
884 774 1015 829 χάριν
1053 786 1124 816 σοι
1162 777 1266 830 ἔχω,
1316 774 1381 817 ὅτι
1426 774 1710 831 προῦτρεψάς
1743 792 1797 831 με

324 842 353 877 Ε
380 834 467 882 ὦδε
488 838 748 895 ἀφικέσθαι·
781 842 952 884 πολλοῦ
973 840 1058 898 γάρ
1081 846 1294 897 ποιοῦμαι
1316 842 1557 898 ἀκηκοέναι
1578 842 1606 885 ἂ
1625 842 1797 898 ἀκήκοα
1814 856 1846 881 10

377 908 693 963 Πρωταγόρου.
763 907 849 962 ἐγω
892 925 979 964 γαρ
1024 910 1075 951 ἐν
1118 910 1200 965 μὲν
1244 912 1306 965 τῷ
1350 912 1607 966 ἔμπροσθεν
1652 911 1797 968 χρόνω

375 972 579 1029 ἡγούμην
618 973 701 1017 οὐκ
740 973 854 1017 εἶναι
892 975 1189 1032 ἀνθρωπίνην
1239 978 1517 1032 ἐπιμέλειαν,
1556 978 1584 1033 ᾑ
1632 977 1798 1031 ἀγαθοὶ

380 1057 421 1083 οι
452 1040 616 1095 ἀγαθοὶ
656 1045 910 1096 γίγνονται·
951 1043 1037 1085 νῦν
1069 1044 1117 1086 δε
1145 1043 1397 1098 πέπεισμαι.
1457 1043 1576 1099 πλὴν
1607 1044 1797 1100 σμικρόν

374 1112 420 1151 τί
447 1125 522 1164 μοι
553 1109 775 1163 ἐμποδών,
817 1109 842 1151 ὃ
871 1111 1011 1165 δῆλον
1042 1109 1106 1152 ὅτι
1137 1112 1441 1165 Πρωταγόρας
1472 1111 1635 1167 ῥᾳδίως
1666 1112 1798 1154 ἐπεκ-

376 1177 560 1232 διδάξει,
595 1176 748 1233 ἐπειδὴ
780 1177 855 1219 καὶ
885 1177 938 1219 τοὶ
970 1178 1114 1220 πολλοὶ
1144 1181 1285 1220 ταῦτα
1317 1179 1550 1229 έξεδίδαξε.
1608 1179 1683 1220 καὶ
1711 1178 1797 1234 γὰρ
1818 1191 1850 1218 15

377 1246 418 1286 εἰ
452 1245 534 1300 μέν
570 1260 635 1295 τις
673 1246 776 1297 περὶ
814 1245 965 1287 αὐτῶν
1004 1247 1179 1287 τούτων
1210 1247 1472 1299 συγγένοιτο
1504 1244 1678 1301 ὁτῳοῦν
1707 1249 1798 1289 τῶν

376 1313 660 1367 δημηγόρων,
700 1311 797 1367 τάχ’
839 1309 896 1354 ἂν
934 1311 1009 1354 καὶ
1045 1313 1278 1361 τοιούτους
1309 1311 1471 1366 λόγους
1501 1311 1739 1356 ἀκούσειεν
1768 1310 1797 1369 ἢ

375 1380 651 1432 Περικλέους
687 1376 717 1434 ἦ
755 1378 895 1422 ἄλλου
941 1378 1062 1430 τινὸς
1105 1383 1197 1422 τῶν
1238 1380 1408 1422 ἱκανῶν
1453 1381 1616 1422 εἰπεῖν·
1666 1382 1706 1423 εἰ
1747 1381 1796 1422 δὲ

377 1448 640 1503 ἐπανέροιτό
681 1447 782 1490 τινά
819 1463 882 1502 τι,
922 1446 1073 1502 ὥσπερ
1111 1448 1263 1514 βιβλία
1303 1445 1437 1490 οὐδὲν
1475 1449 1654 1502 ἔχουσιν
1691 1446 1797 1490 οὔτε

285 1318 350 1353 329

487 1576 518 1607 4.
546 1569 619 1606 ἐπὶ
646 1570 729 1615 μὲν
754 1572 792 1606 111
814 1570 869 1606 ἔτι
895 1585 967 1615 μεν
990 1571 1211 1606 mutandum
1232 1571 1302 1606 e‘c
1289 1571 1343 1606 ἔτι
1369 1572 1454 1605 ante
1479 1568 1573 1615 πρὸς
1598 1571 1797 1606 delendum

374 1617 484 1660 put-at
502 1616 660 1657 Sehanz3
686 1617 745 1650 hic
770 1617 1058 1670 praepositionis
1075 1614 1141 1651 ἐπί
1155 1628 1240 1651 usus
1257 1627 1330 1651 non
1346 1615 1527 1650 insolitus
1553 1615 1739 1673 Theophr
1758 1617 1793 1653 h

373 1661 535 1714 p1.VI4‚
551 1665 572 1695 4
576 1658 791 1716 ὀψιανθὴς
816 1658 834 1696 ὁ
862 1660 1049 1706 σκόλυμος
1074 1661 1138 1696 καὶ
1166 1658 1228 1696 ἐπὶ
1255 1659 1378 1696 πολυν
1405 1659 1560 1705 χρόνον.
1631 1666 1684 1699 11
1711 1659 1793 1706 ἐγώ

374 1703 458 1751 γὰρ
485 1706 533 1740 T:
561 1705 676 1750 ε”γωγε
701 1706 742 1739 Β

376 1809 414 1841 et
429 1806 684 1852 Xanthippus)
709 1807 905 1841 nondum
930 1817 1049 1842 com·

376 1854 607 1886 meientur
660 1851 925 1886 huiusmodi
978 1863 1048 1887 re—

374 1897 748 1941 prehensionem,
796 1908 931 1948 quum
972 1897 1049 1932 ad-

376 1943 461 1976 huc
486 1942 635 1976 liceat
658 1943 778 1977 bona
802 1943 854 1976 de
879 1954 934 1976 us
951 1952 1051 1987 spe

374 1997 478 2066 {5325
502 1987 849 2074 ἐέἷὲῗέῖξιίἒζῗ
860 1988 1049 2065 ἳᾏξὶἳίἓ.

376 2078 462 2115 est,
489 2077 631 2111 decet.
669 2076 797 2110 Stallb
835 2075 889 2110 De
914 2075 1048 2110 Paralo

377 2122 415 2155 et
445 2121 662 2164 Xanthippo
695 2121 740 2155 cf.
775 2121 890 2165 ipsius
919 2120 1049 2155 Prota-

380 2176 494 2210 gorae
520 2166 636 2200 verba
659 2166 864 2210 prolegom.
888 2176 924 2209 p.
951 2170 1005 2204 29.

421 2259 452 2290 4.
486 2252 559 2290 ἐπὶ
592 2255 675 2310 μὲν
704 2253 852 2290 πολυν
884 2252 1051 2299 χρόνον

377 2300 717 2344 κεκηλημένος]
763 2299 816 2334 ad
856 2300 1052 2334 multum

376 2346 557 2389 tempus
619 2345 841 2379 delinihus
906 2355 1018 2387 usqu
1029 2355 1048 2380 e

377 2401 473 2425 eum
509 2390 735 2427 intuebar.
784 2390 916 2432 Neque
951 2390 1049 2424 enim

377 2445 462 2469 cum
502 2435 776 2469 Heindorfio
824 2435 935 2477 haec,
986 2432 1048 2469 ἐπὶ

376 2493 449 2524 μεν
473 2493 512 2514 π.
534 2480 683 2524 χρόνον,
712 2479 759 2513 ad
784 2490 858 2522 seq.
886 2462 1047 2525 ἕῖβλεπον

376 2525 562 2559 trahenda
578 2526 674 2559 sunt.
701 2524 846 2559 MeneX.
863 2536 898 2569 p,
919 2526 1047 2559 235A.

377 2571 445 2605 καὶ
471 2567 647 2605 ἑκάστοτε
681 2569 821 2621 ἕστηκα
847 2588 888 2594 ——
913 2566 1045 2613 κηλού-

379 2609 858 2669 μενος.11)1ἃ,Β;ούτως
893 2612 1049 2654 ἔναυλος

377 2656 397 2694 ὁ
427 2659 535 2714 λόγος
561 2673 601 2695 τε
627 2661 691 2695 καὶ
710 2657 728 2693 ὃ
748 2656 925 2713 φθόγγος
944 2657 1047 2702 παρά

378 2705 445 2739 τοῦ
483 2703 657 2758 λέγοντος
696 2699 875 2739 ἐνδύεται
914 2703 968 2744 εἰς
1001 2703 1048 2757 τᾴ

378 2762 474 2791 cota,
524 2747 615 2784 ὥστε
663 2746 770 2802 μόγις
817 2747 976 2802 τετάρτῃ
1023 2743 1046 2794 ἠ

376 2793 527 2850 πέμπτῃ
557 2791 680 2842 ἡμέρα
711 2791 1048 2851 ἀναμιμνήσκομαι

378 2835 556 2883 ἐμαυτοῦ.
581 2860 624 2865 -
656 2853 710 2879 ως
751 2837 949 2883 ἔρουντα
985 2852 1046 2882 τι,

1117 1807 1285 1851 putans
1312 1817 1408 1841 eum
1434 1806 1614 1851 aliquid
1639 1806 1795 1842 dictu-

1118 1863 1225 1886 rum.
1252 1851 1383 1886 Stallb.

1167 1900 1218 1933 10.
1256 1890 1343 1931 ὧδε
1379 1892 1659 1941 ἀφικέσθαι]
1698 1896 1794 1931 Pho-

1117 1941 1191 1975 tius
1228 1941 1298 1975 Iex.
1323 1943 1366 1985 p.
1398 1944 1476 1983 658,
1514 1945 1554 1975 14
1590 1942 1628 1975 ei:
1665 1940 1795 1975 Suidas

1118 1997 1147 2020 s.
1173 1997 1206 2020 v.
1224 1985 1321 2020 ,Ωδε
1345 1985 1438 2019 haec
1463 1985 1622 2020 habent:
1648 1979 1722 2021 ὦδε
1749 1983 1793 2021 οὐ

1118 2027 1237 2087 μόνον
1268 2027 1309 2065 τὸ
1342 2024 1477 2084 οὕτως,
1513 2027 1612 2065 ἀλλὰ
1648 2032 1715 2066 καὶ
1751 2029 1793 2065 τὸ

1119 2072 1268 2110 ἐνθαὸε
1296 2071 1344 2115 ὥς
1368 2071 1501 2129 ἡμεῖς.
1520 2075 1607 2110 .καὶ
1633 2073 1793 2110 Πλάτων

1119 2133 1194 2200 ἰῖἕῖ
1225 2119 1414 2200 353332‘1‘
1435 2116 1558 2200 τῖἷντέ.
1571 2120 1793 2205 'Zsswffffssss

1120 2215 1200 2250 τοις
1218 2211 1410 2249 πλείστοις
1429 2211 1552 2254 δηλοῖ.
1578 2210 1695 2244 Huius
1708 2210 1792 2245 Pla.-

1120 2255 1219 2289 tonis
1267 2254 1340 2289 loci
1387 2255 1582 2289 immemor
1620 2254 1793 2290 Meineke

1122 2299 1220 2344 Frag
1222 2311 1269 2334 m.
1297 2299 1398 2334 Com.
1419 2298 1548 2334 Graec.
1569 2299 1653 2344 IIp.
1672 2304 1716 2335 47
1740 2299 1793 2335 le-

1117 2345 1246 2379 vitatis
1278 2344 1455 2379 Photium
1486 2344 1630 2379 incusat
1655 2346 1792 2395 ⁷negat-

1118 2400 1190 2432 que
1216 2384 1292 2424 ὧδε
1326 2389 1425 2433 apud
1452 2389 1569 2423 bonos
1593 2389 1793 2440 scriptores

1116 2445 1184 2480 pro
1216 2434 1340 2488 ὁεῦρο
1362 2434 1421 2468 vel
1455 2430 1602 2470 ἐνθάδε
1625 2434 1791 2472 inveniri

1166 2483 1215 2514 12.
1257 2479 1279 2525 ῂ
1317 2476 1492 2523 ἀγαθοὶ
1534 2477 1580 2514 οἷ
1614 2476 1792 2524 ἀγαθοὶ

1117 2524 1254 2580 γίγν.]
1301 2523 1509 2558 Simonides
1549 2524 1695 2568 (fragm.
1718 2525 1791 2576 61)

1117 2567 1254 2610 Οὖτις,
1285 2568 1419 2611 inquit,
1446 2563 1543 2603 ἄνευ
1574 2570 1680 2604 θεῶν
1706 2563 1791 2612 ἀρε-

1118 2611 1189 2648 τὰν
1216 2611 1345 2669 λάβεν,
1370 2613 1441 2650 vid.
1467 2613 1514 2648 ad
1538 2624 1573 2657 p.
1599 2617 1664 2648 319
1689 2612 1730 2646 B.

1164 2661 1216 2692 14.
1242 2654 1563 2713 επεκδιδάξει]
1582 2657 1790 2711 Euthyphr.

1179 2707 1199 2737 7
1224 2703 1271 2736 Α.
1321 2700 1419 2737 ἀλλὰ
1467 2701 1511 2737 σύ
1560 2704 1682 2756 δῆλον
1730 2716 1790 2738 οτι

1118 2746 1405 2802 επεκδιὸοἷξεις,
1442 2761 1491 2788 ως
1523 2746 1624 2782 ἔστιν
1655 2743 1789 2792 ἀληθῆ

1118 2787 1142 2827 ἃ
1168 2791 1301 2847 λέγεις.

1165 2841 1217 2872 19.
1255 2834 1405 2881 ὥσπερ
1443 2837 1606 2882 βιβλία
1647 2834 1790 2872 ουδὲν
