1939 3214
335 147 415 189 134
921 142 1158 178 PLAToms

331 262 430 301 γειν
462 244 598 294 αὐτὸς
629 243 751 301 αὐτῷ
785 244 1052 299 Σιμωνίδης.
1101 242 1158 284 σύ
1179 241 1285 297 γάρ,
1318 235 1353 284 ὦ
1381 243 1596 297 Πρόδικε,
1638 258 1750 298 προ-

332 314 564 368 απόφηναι
593 311 675 366 τὴν
706 311 791 367 σὴν
820 311 1018 366 γνώμην.
1079 311 1249 354 ταύτόν
1281 322 1352 352 σοι
1393 310 1520 352 δοκεῖ
1558 308 1672 354 εἶναι
1702 310 1752 354 τὸ

331 381 544 436 γενέσθαι
581 379 656 422 καὶ
693 378 744 421 τὸ
782 375 920 432 εἶναι,
959 378 986 433 ἢ
1027 377 1158 429 ἄλλω
1199 377 1339 420 ”Αλλο
1378 375 1434 432 νὴ
1471 375 1563 430 Δί’,
1607 381 1692 433 ἔφη
1731 376 1754 420 ὁ

331 448 570 504 Πρόδικος.
635 445 840 498 Οὐκοῦν,
889 448 1004 500 ἔφην
1050 446 1159 500 ἐγώ,
1208 446 1259 488 ἐν
1303 444 1386 498 μὲν
1429 451 1522 493 τοῖς
1562 445 1754 499 πρώτοις

331 515 464 565 αὐτὸς
495 513 518 558 ὁ
550 515 805 568 Σιμωνίδης
834 509 916 567 τὴν
947 512 1109 556 ἑαυτοῦ
1146 511 1330 568 γνώμην
1368 510 1645 566 ἀπεφήνατο,
1686 511 1753 554 ὅτι

286 583 476 638 Οᾶνδρα
522 580 700 636 ἀγαθὸν
739 579 930 637 ἀληθείᾳ
966 580 1180 634 γενέσθαι
1219 575 1414 634 χαλεπὸν
1453 582 1541 633 εἴη;
1587 577 1754 634 Ἀληθνῆ

331 652 491 704 λέγεις,
531 651 616 704 ἔφη
655 647 678 691 ὁ
717 647 955 703 Πρόδικος.
1025 643 1113 690 Τὸν
1150 647 1202 689 δέ
1237 663 1287 701 γε
1325 646 1575 702 Πιττακόν,
1612 641 1673 701 ἦν
1710 645 1753 688 δ’

331 719 436 772 ἐγώ,
468 719 700 772 μέμφεται,
734 715 815 770 οὐχ
837 710 897 765 ὡς
917 719 1056 758 οἰέται
1078 715 1398 771 Πρωταγόρας,
1414 712 1591 763 ,ταύτὸν
1612 712 1754 770 ἑαυτῷ

330 787 541 839 λέγοντα,
581 783 678 826 ἀλλ’
722 783 847 826 ἄλλο.
917 781 972 825 οὐ
1015 782 1100 837 γὰρ
1139 786 1269 824 τοῦτο
1307 780 1330 823 6
1369 780 1592 831 Πιττακὸς
1631 782 1756 835 ἔλεγε

331 853 543 907 χαλεπόν,
576 849 624 893 τὸ
655 852 870 906 γενέσθαι
903 850 1083 906 ἐσθλόν,
1116 849 1265 904 ὥσπερ
1288 847 1311 891 6
1335 850 1607 904 Σιμωνίδης,
1639 846 1753 890 ἀλλὰ

326 919 376 962 τὸ
407 922 614 974 ἔμμεναι·
648 921 741 960 ἔστι
773 918 821 959 δὲ
853 916 908 960 οὐ
938 916 1116 973 ταύτόν,
1149 912 1185 960 ὦ
1215 918 1520 972 Πρωταγόρα,
1556 914 1614 966 ὥς
1644 927 1755 972 φησι

328 987 554 1042 Πρόδικος
582 985 671 1039 ὅδε,
702 984 751 1026 τὸ
782 982 896 1027 εἶναι
926 985 1000 1026 καὶ
1028 983 1077 1027 τὸ
1099 985 1325 1038 γενέσθαι.
1364 983 1471 1025 εἰδὲ
1492 982 1549 1038 μή
1574 982 1624 1025 τὸ
1645 981 1756 1025 αὐτό

329 1055 423 1096 ἐστι
444 1053 493 1096 τὸ
514 1051 628 1096 εἶναι
649 1056 710 1109 τῷ
732 1054 962 1107 γενέσθαι,
995 1050 1078 1094 οὐκ
1102 1052 1284 1093 ἐναντία
1307 1049 1426 1104 λέγει
1455 1047 1477 1091 6
1499 1050 1757 1106 Σιμωνίδης

328 1119 463 1170 αὐτὸς
484 1119 617 1177 αὑτῷ.
649 1121 723 1162 καὶ
741 1124 848 1169 ἴσως
868 1118 925 1162 ἄν
948 1122 1058 1174 φαίη
1069 1119 1296 1173 Πρόδικος
1318 1113 1393 1159 ὅδε
1414 1117 1489 1159 καὶ
1509 1116 1638 1160 ἄλλοι
1652 1121 1756 1160 πολ-

282 1194 312 1228 D
331 1189 400 1230 λοὶ
422 1187 526 1231 καθ’
545 1188 753 1231 ἹΙσιόδον
774 1187 986 1242 γενέσθαι
1007 1187 1090 1242 μὲν
1111 1186 1288 1240 ἀγαθὸν
1309 1183 1505 1240 χαλεπὸν
1525 1182 1651 1227 εἶναι·
1675 1189 1752 1240 τῆς

441 1329 471 1359 8.
510 1320 683 1358 ταύτὸν
722 1323 890 1357 Bekker:
929 1321 971 1356 τὸ
1009 1319 1128 1356 αὐτὸν
1160 1321 1248 1364 ΒΤ,
1285 1321 1385 1365 quod
1421 1322 1565 1365 recepit
1600 1320 1753 1355 Schanz.

333 1369 430 1404 Illud
457 1368 606 1410 retinui,
635 1369 723 1411 quia
747 1367 932 1402 Platonici
958 1367 1137 1401 sermonis
1162 1365 1422 1401 consuetudini
1451 1365 1677 1422 respondere
1703 1365 1755 1400 vi·

327 1415 462 1450 (10111111
488 1412 529 1448 τὸ
557 1413 653 1448 αὐτό
677 1415 725 1455 015,
753 1413 855 1457 quod
880 1413 991 1456 longe
1010 1411 1353 1454 frequentissimum
1379 1412 1446 1455 est,
1465 1408 1605 1446 ταύτόν
1624 1430 1666 1435 —-
1684 1410 1755 1445 hoc

328 1459 436 1513 0111111,
465 1459 558 1493 01301
598 1459 635 1493 in
676 1425 966 1492 adiectivorunf
985 1458 1143 1491 formam
1175 1456 1414 1490 assimulatur
1447 1477 1487 1481 —
1519 1467 1594 1490 non
1629 1456 1755 1490 autem

327 1505 369 1540 τὸ
389 1500 521 1545 αὐτόν
548 1503 648 1547 quod
664 1503 735 1537 11οο
752 1513 825 1537 uno
844 1501 954 1537 1000
944 1513 982 1535 10
1000 1503 1160 1544 utroquo
1180 1501 1305 1535 codice
1322 1501 1520 1543 invenitur,
1545 1501 1592 1536 cf.
1610 1499 1752 1534 Schanz

327 1549 483 1594 praefat
512 1550 586 1583 vol.
614 1548 684 1582 XII
711 1551 729 1589 ξ
755 1552 787 1589 4,
814 1547 933 1582 Cobet
962 1557 1140 1581 mnemos.
1168 1545 1419 1590 V111p.342.
1470 1545 1601 1590 Neque
1636 1545 1755 1580 ullam

327 1595 433 1629 video
460 1605 620 1635 eausam,
649 1604 712 1627 cur
737 1593 852 1627 statui
876 1592 998 1646 possit
1022 1591 1217 1625 Platonem
1244 1590 1279 1625 h.
1282 1558 1323 1625 pl.
1342 1591 1379 1624 in
1398 1590 1562 1634 quinque
1587 1590 1755 1625 versibus

326 1640 419 1674 haec
444 1638 527 1681 tria,
554 1637 708 1680 ταύτόν,
736 1636 776 1671 τὸ
806 1635 901 1672 αὐτὸ
929 1638 967 1671 01,
991 1635 1032 1671 τὸ
1060 1632 1180 1670 αὐτόν
1204 1636 1383 1680 posuisse.
1449 1639 1500 1670 10
1529 1633 1755 1680 χαλεπόν,

327 1683 372 1719 τὸ
407 1693 474 1727 pro
507 1683 555 1718 τὸ
589 1680 814 1739 χαλεπὸν,
848 1682 948 1725 quod
980 1681 1065 1715 libri
1097 1680 1285 1722 exhibent,
1312 1680 1461 1725 scripsit
1484 1680 1554 1714 Ast
1579 1680 1755 1725 „propter

328 1739 488 1772 sequens
527 1727 567 1763 τὸ
607 1727 802 1773 ε”“,μμεναι
841 1728 880 1761 015
915 1737 1025 1769 quum
1061 1723 1164 1760 τοῦτ’
1203 1725 1289 1759 ante
1327 1724 1505 1769 ἔμμεναι
1545 1724 1645 1769 quod
1671 1735 1755 1759 cum

328 1774 500 1809 Bekkero
527 1775 564 1808 et
589 1772 836 1807 Stallbaumio
862 1772 949 1805 olim
976 1781 1192 1815 posueram,
1219 1771 1410 1814 praesenti
1434 1753 1605 1805 codicum
1630 1770 1756 1814 cogni-

327 1819 428 1853 tione
454 1818 608 1853 articulo
640 1816 681 1853 τό
717 1816 845 1851 cedere
877 1817 1032 1858 debeat,
1069 1814 1170 1849 idem
1203 1815 1317 1849 etiam
1350 1816 1436 1850 ante
1470 1828 1511 1860 ys
1496 1815 1657 1850 ενέσθαι
1687 1825 1754 1859 po-

326 1864 468 1898 nendus
495 1863 706 1916 videbatur,
732 1863 775 1895 ut
792 1872 814 1896 a
831 1861 982 1896 Socrate
1008 1860 1135 1895 statim
1153 1861 1238 1904 post
1257 1859 1418 1895 additur.
1444 1859 1585 1895 Schanz
1606 1869 1754 1903 quoque

328 1907 507 1954 χαλεπόν,
533 1906 574 1943 τὸ
602 1907 783 1942 librorum
809 1907 1016 1951 scripturae
1042 1905 1232 1950 praetulit.

1075 2027 1249 2062 sitatione
1269 2029 1403 2071 poetae
1417 2027 1665 2077 patrocinium
1679 2038 1754 2061 sus-

1076 2072 1178 2122 cipit.
1222 2071 1307 2106 Non
1332 2072 1448 2128 igitur
1473 2071 1551 2106 sine
1570 2083 1680 2106 causa
1697 2071 1755 2106 Si-

1075 2116 1354 2159 1110111ᾶο0,0111
1380 2121 1480 2151 εἰναι
1507 2117 1546 2151 et
1570 2116 1755 2161 γενέσθαι

373 2037 403 2066 2.
429 2028 602 2066 ταύτόν
627 2050 668 2055 -—
695 2027 742 2064 τὸ
770 2029 1006 2073 γενέσθαι

327 2077 406 2112 καὶ
440 2075 486 2111 τὰ
521 2074 658 2129 εἶναι]
691 2074 859 2108 Eustath.
887 2073 935 2107 ad
966 2073 1006 2106 Il.

327 2126 359 2161 2,
385 2125 469 2155 245.
500 2119 666 2177 λέγεται
684 2116 787 2163 παρὰ
824 2119 899 2153 τῶν
935 2132 1005 2152 πα-

330 2167 459 2207 λαιῶν,
497 2178 555 2200 οτι
594 2163 632 2199 οἵ
659 2160 788 2203 ”Ιωνες
825 2160 866 2198 τὸ
905 2162 1006 2198 εἶναι

328 2211 513 2255 γενέσθαι
548 2211 656 2253 φασί.
705 2208 777 2242 Sed
810 2210 911 2243 totus
946 2207 1007 2242 hic

328 2256 431 2290 locus
456 2256 510 2289 ita
522 2256 669 2288 tantum
688 2253 850 2297 intelligi
868 2254 1006 2298 potest,

328 2301 371 2334 ut
396 2299 509 2334 etiam
535 2299 697 2334 Socratis
724 2301 848 2333 aetate
874 2298 1004 2342 pleris—

329 2356 401 2395 que
428 2345 478 2379 G1
481 2356 577 2379 acels
594 2345 789 2386 utriusque
808 2343 1005 2378 (110011111οη

329 2389 507 2435 exiguum
540 2390 604 2422 aut
634 2398 751 2433 prope
782 2388 925 2422 nullum
951 2388 1005 2422 vi—

329 2446 410 2469 sum
436 2445 515 2469 esse
541 2434 760 2469 statuamus
802 2433 909 2474 Quod
934 2433 1005 2466 nisi

328 2480 382 2514 ita
408 2480 552 2521 fuisset,
576 2478 689 2522 plane
714 2478 857 2512 absona
874 2478 1005 2511 Prota-

329 2535 443 2568 gorae
477 2525 574 2558 esset
598 2523 784 2557 sententia
807 2523 905 2556 inter
929 2522 1005 2556 Pit-

330 2570 406 2603 taci
424 2570 462 2603 et
480 2568 677 2603 Simonidis
702 2578 809 2602 voees
834 2567 928 2600 011111
952 2567 1006 2600 10-

328 2615 467 2648 teresse
499 2613 668 2648 dicentis.
724 2613 774 2646 At
810 2612 844 2646 ei
880 2622 1008 2646 omnes

330 2659 394 2702 qui
418 2658 555 2692 adsunt
573 2657 753 2692 accedunt
769 2658 807 2707 et
824 2656 1006 2699 Socrates,

330 2703 497 2746 quamvis
527 2703 566 2736 10
595 2702 660 2737 1110
693 2701 855 2736 carmine
889 2701 1008 2735 Simo-

329 2747 439 2782 nideo
486 2748 645 2782 multum
685 2746 799 2780 studii
844 2747 1010 2799 posuerit

331 2792 449 2845 (πάνυ
482 2805 546 2836 μοι
578 2804 759 2836 τυγχανει
797 2789 1009 2835 μεμεληκὸς

330 2839 398 2872 τοῦ
425 2832 593 2886 ᾄσματος
610 2849 646 2881 p.
660 2840 724 2871 339
738 2836 795 2880 B),
822 2846 904 2870 oum
922 2837 1008 2871 hae-

1075 2162 1217 2206 primus
1242 2161 1431 2196 subtiliter
1456 2162 1495 2195 et
1517 2162 1655 2205 argute
1681 2161 1753 2196 dis·

1075 2207 1257 2248 tinxisset,
1287 2206 1437 2240 Prodici
1468 2206 1658 2241 doctrinae
1692 2217 1754 2241 au-

1077 2254 1157 2286 otor
1182 2251 1294 2285 fuisse
1320 2250 1457 2285 dicitur
1482 2262 1518 2295 p.
1543 2255 1607 2286 341
1626 2251 1669 2285 A.

1124 2300 1174 2330 10.
1219 2294 1332 2330 αλλοι
1370 2292 1416 2330 τὸ
1456 2294 1669 2340 ε’μμεναι]
1706 2306 1753 2331 sc.

1078 2339 1231 2378 ἐσθλόν

1128 2390 1180 2423 14.
1236 2385 1314 2420 καὶ
1372 2386 1476 2424 ἴσως
1531 2380 1586 2419 ὂὶν
1636 2387 1752 2430 φαίη

1077 2430 1231 2481 Πρόδρ]
1271 2430 1323 2463 Ex
1347 2429 1536 2480 proximis
1571 2430 1753 2475 interpre-

1076 2476 1281 2511 tationibus
1299 2474 1401 2518 prior
1416 2475 1499 2519 ipsa
1522 2485 1590 2519 per
1615 2486 1653 2510 00
1678 2486 1754 2509 non

1075 2521 1204 2565 inepta
1236 2521 1293 2570 est
1322 2529 1389 2553 1100
1420 2520 1531 2553 facile
1557 2520 1640 2563 quis
1664 2520 1751 2554 reli-

1077 2577 1139 2609 0111
1157 2562 1328 2599 carminis
1346 2564 1498 2606 ignarus
1516 2565 1624 2599 aliter
1638 2565 1754 2599 verba

1077 2613 1246 2653 accipere
1277 2608 1419 2652 potuit,
1453 2609 1517 2643 sed
1547 2609 1752 2659 posteriore

1076 2655 1252 2689 Prodicus
1281 2654 1378 2688 iusto
1411 2654 1529 2698 magis
1565 2653 1752 2696 irridetur,

1077 2712 1109 2735 v.
1135 2699 1181 2733 ad
1206 2710 1242 2743 p.
1268 2700 1394 2733 337A.

1125 2748 1176 2779 15.
1224 2740 1334 2777 καθ’
1385 2740 1621 2788 Ησίοδον]
1667 2743 1754 2778 He-

1079 2788 1198 2824 siodi
1233 2798 1358 2822 versus
1388 2788 1564 2841 leguntur
1603 2798 1691 2844 opp.
1717 2790 1755 2823 015

1079 2834 1167 2868 dier.
1193 2845 1226 2870 v.
1251 2835 1317 2867 287
1335 2843 1432 2876 sqq:
1477 2831 1558 2878 Τὴν
1590 2834 1663 2877 μέν
1693 2845 1753 2868 τοι

1778 865 1809 891 10

1777 1202 1808 1228 15
