1939 3214
272 1003 337 1036 356

327 2785 332 2790 ·
359 2774 442 2811 τότε
484 2772 681 2830 ἐλέγομεν,

369 162 450 203 174
964 160 1200 195 PLATONIS

364 277 509 316 μενοι,
550 261 615 303 ὅτι
655 259 738 303 οὐκ
779 260 916 311 οέξίων
954 260 1117 303 ὄντων·
1162 260 1217 303 οὕ
1254 259 1341 316 γάρ
1380 260 1437 302 ἂν
1483 262 1788 317 ἐξημάρτανεν

365 327 418 370 ὅν
458 344 607 384 φαμεν
644 327 760 382 ἥττω
801 326 916 370 εἶναι
952 332 1044 370 τῶν
1074 326 1267 383 ἡδονῶν,
1329 327 1440 369 κατὰ
1476 330 1522 369 τί
1557 328 1619 383 δέ,
1652 328 1788 383 φήσει

366 399 490 449 ἱσως,
530 394 688 446 ἀνάξιοί
729 396 821 437 ἐστι
861 394 1036 449 τοίγαθα
1075 395 1163 436 τῶν
1202 410 1355 437 κακων
1392 392 1420 450 ἢ
1458 393 1511 436 τοὶ
1552 395 1668 438 κακὰ
1696 398 1788 438 τῶν

364 462 637 518 &quaec-3213&
667 461 764 503 κατ’
798 461 909 504 ἄλλο
940 478 980 502 τι
1001 458 1032 516 ἡ
1056 461 1162 503 ὅταν
1183 461 1235 504 τὰ
1257 463 1340 516 μὲν
1361 464 1508 515 μείζω,
1541 477 1594 504 τα
1616 463 1665 505 δὲ
1687 474 1786 518 σμι-

366 532 556 585 πρότερα
586 532 634 585 ᾖ,
665 527 695 583 ἡ
726 531 879 582 πλείω,
911 530 965 571 τὰ
996 529 1045 571 δε
1077 528 1243 571 ἐλάττω
1275 531 1325 585 ῄς
1357 527 1439 583 οὐχ
1468 529 1623 581 ἕξομεν
1646 531 1788 571 εἰπεῖν

364 597 474 640 ἄλλο
504 594 533 652 ἦ
564 597 708 639 τοῦτο
755 596 895 650 δῆλον
925 595 1026 651 ἄρα,
1060 597 1209 650 φήσει,
1243 595 1309 637 ὅτι
1336 595 1385 638 τὸ
1414 593 1633 650 ἡττᾶσθαι
1654 600 1787 638 τοῦτο

364 666 533 719 λέγετε,
573 661 674 706 ἀντὶ
706 663 963 706 ἐλαττόνων
1000 662 1188 718 ἀγαθῶν
1217 666 1346 719 μείζω
1377 661 1494 705 κακοὶ
1526 664 1785 718 λαμβάνειν.

363 735 501 775 ταῦτα
530 733 612 786 μὲν
641 723 725 772 οὖν
752 730 882 773 οὕτω.
929 731 1249 786 μεταλάβωμεν
1270 730 1323 785 δή
1345 732 1399 773 τὰ
1422 729 1618 785 ὀνόματα
1649 733 1788 773 πάλιν

362 799 411 842 τὸ
450 798 539 854 ἡδύ
568 815 615 841 τε
646 798 718 840 καὶ
750 797 942 852 ἀνιαρὸν
976 798 1047 840 ἐπὶ
1078 806 1169 848 τοῖς
1199 797 1351 848 αὐτοῖς
1380 798 1579 852 τούτοις,
1612 798 1687 840 καὶ
1717 798 1787 841 λε’-

360 883 508 922 γωμεν
546 866 613 908 ὅτι
651 864 893 920 ἅνθρωπος
931 866 1114 921 πράττει
1143 892 1199 897 —
1228 866 1327 908 τότε
1365 867 1448 919 μὲν
1488 866 1698 920 ἐλέγομεν
1728 864 1782 907 τὰ

363 936 494 987 κακά,
529 937 619 976 νῦν
651 933 699 974 δὲ
732 934 929 988 λέγωμεν
958 932 1012 975 τα
1034 932 1197 986 ἀνιαρὰ
1217 935 1501 987 γιγνώσκων,
1535 933 1602 974 ὅτι
1624 932 1787 986 ἀνιαροί

365 1002 502 1055 ἐστιν,
544 1000 796 1055 ἡττώμενος
834 999 923 1042 ὑπὸ
960 1004 1052 1042 τῶν
1088 1000 1250 1055 ἡδέων,
1298 1001 1438 1054 δῆλον
1485 999 1550 1041 ὅτι
1593 999 1788 1049 ἀναξίων

364 1067 510 1111 ὄντων
550 1070 696 1109 νικᾶν.
759 1069 833 1110 καὶ
871 1070 936 1118 τίς
976 1066 1089 1123 ἄλλη
1127 1066 1286 1118 ἀναξία
1324 1066 1469 1122 ἡδονῇ
1499 1066 1609 1121 πρὸς
1639 1066 1788 1122 λύπην

454 1208 485 1239 5.
513 1201 731 1247 ἐλάττωη
1299 1206 1327 1236 7.
1355 1201 1510 1247 λέγετε
1530 1213 1574 1236 ex
1593 1201 1788 1237 0011.801·1-

361 1252 468 1294 ptum
495 1248 647 1283 exhibet
672 1217 801 1293 apogr
832 1247 981 1282 Coislin.
1010 1251 1091 1282 155:
1120 1247 1271 1292 λέγεται
1298 1246 1376 1281 ΒΤ.
1452 1251 1503 1281 10.
1538 1243 1659 1290 ἅνθρ
1670 1260 1788 1287 ωπος

360 1294 447 1328 ΒΤ
474 1291 681 1337 ἅνθρωπος
707 1293 856 1343 Sauppe
883 1294 920 1327 et
945 1292 1098 1328 Schanz.
1173 1297 1222 1327 13
1255 1293 1325 1331 τίς
1357 1288 1474 1336 ἄλλη
1501 1261 1677 1334 ἅναξίρα
1702 1291 1785 1332 ΒΤ,

361 1350 474 1383 quam
500 1339 722 1383 scripturam
747 1349 822 1372 iam
846 1349 884 1371 111
908 1338 1032 1382 priore
1068 1338 1231 1372 editione
1263 1337 1434 1373 revocavi
1459 1347 1581 1379 neque
1607 1347 1690 1371 eam
1716 1336 1786 1371 im-

360 1385 502 1434 probat
515 1383 622 1419 Cron.
649 1383 966 1418 Schleiermacher
982 1394 1050 1427 pro
1077 1378 1222 1426 ἀναξία
1247 1382 1358 1417 scribi
1383 1382 1501 1416 voluit
1526 1380 1694 1425 ἁπαξία,
1721 1382 1787 1416 sed

361 1440 476 1472 quum
493 1428 742 1463 intellexisset
758 1428 858 1462 istud
876 1426 1026 1471 οἷπαξία
1045 1428 1253 1462 Stoicorum
1270 1427 1434 1462 scholam
1452 1426 1632 1469 redolere,
1649 1429 1783 1471 postea

360 1476 507 1509 mutata
539 1473 727 1508 sententia
752 1470 845 1516 ἀξία
870 1473 1107 1507 scribendum
1131 1473 1327 1511 iudicavit,
1359 1473 1473 1515 idque
1500 1471 1642 1525 [ceteris
1668 1472 1786 1506 edito—

360 1519 461 1554 ribus
487 1519 657 1552 omnibus
683 1519 834 1562 placuit,
862 1519 1129 1575 praeterquam
1155 1518 1255 1572 quod
1272 1517 1414 1553 Schanz
1433 1516 1482 1560 δὴ
1509 1513 1602 1559 ἀξία
1627 1515 1786 1570 scripsit.

361 1565 457 1599 Ante
490 1564 701 1598 Bekkerum
731 1563 932 1607 legebatur
969 1564 1025 1602 τίς
1064 1561 1159 1606 ἄλλη
1198 1560 1344 1606 ἀναξία
1381 1559 1524 1606 ἡδονὴ,
1561 1561 1627 1595 sed
1662 1558 1786 1605 ἡδονῇ

361 1620 491 1659 yerum
525 1620 604 1643 esse
637 1609 849 1642 coniectura
879 1610 1125 1653 perspexerat
1149 1608 1334 1642 Heindorf
1361 1609 1399 1642 et
1431 1605 1613 1650 reperisse
1638 1606 1786 1640 Bekker

362 1654 401 1687 in
426 1653 570 1697 aliquot
595 1654 823 1697 apographis
848 1654 1008 1688 videtur.

718 1196 837 1237 'BTz
864 1201 1076 1253 111130111ςῂ
1096 1202 1244 1238 delevit.

407 1781 437 1811 3.
479 1773 654 1819 ανοίξιοὲ
702 1773 796 1811 ἐστι
843 1774 1036 1821 τάγαθὰ

361 1823 447 1856 τῶν
481 1822 649 1865 κακῶν]
678 1821 721 1858 H
749 1832 779 1856 e.
805 1821 904 1855 bona
929 1820 1037 1856 malis

359 1866 480 1910 pretio
506 1868 544 1901 et
569 1866 752 1910 dignitate
779 1866 935 1910 cedunt,
968 1877 1037 1900 nec

360 1912 459 1945 bona
482 1922 573 1955 prae
600 1911 705 1945 malis
739 1913 825 1945 sunt
849 1912 1034 1964 eligenda.

360 1976 402 1981 —
434 1953 528 1992 όταν
559 1956 605 1991 τὰ
636 1956 707 1999 μὲν
744 1957 875 1999 μειζω,
914 1955 960 1991 τὰ
992 1955 1034 1991 δὲ

361 2013 484 2046 σμικρ.
518 2001 667 2052 quando
699 2001 841 2035 maiora
871 2002 957 2035 sunt
989 1999 1034 2035 τοὶ

360 2048 476 2088 κακά,
509 2047 654 2080 minora
684 2046 730 2080 τοὶ
762 2042 916 2089 αγαθοέ,
954 2046 1035 2079 tum

360 2088 518 2136 ταγαθα
536 2092 623 2126 sunt
641 2088 782 2133 ἀνάξια
803 2092 874 2125 τῶν
891 2091 1034 2125 κακῶν.

358 2137 443 2171 Mox
469 2147 536 2181 pro
562 2130 600 2190 3}
622 2136 737 2170 πλείω
746 2134 876 2192 plene
914 2136 1036 2170 dieen-

359 2182 447 2216 dum
474 2182 555 2215 erat
580 2176 602 2226 ἢ
636 2177 682 2214 τὰ
714 2194 786 2224 μεν
817 2182 954 2222 πλείω,
988 2180 1034 2215 de

360 2238 434 2270 qua
459 2226 580 2270 ellipsi
604 2238 636 2263 v.
663 2236 746 2262 ann
772 2225 820 2259 ad
844 2237 879 2269 p.
905 2229 970 2260 330
988 2226 1032 2259 A.

410 2287 441 2318 8.
493 2280 827 2326 μεταλαβωμεν
878 2279 930 2325 δὴ
981 2295 1034 2315 τα

359 2324 1035 2379 ᾆνόματα-]Ρθ1·111111;ο111υε

359 2373 444 2406 iam
494 2382 682 2406 nomina
734 2371 1036 2414 vicissimque

359 2416 562 2451 dicamus
579 2417 828 2451 iucundum
851 2418 896 2451 et
911 2427 1037 2452 acer-

359 2463 451 2497 bum
483 2462 536 2496 de
571 2461 737 2495 iisdem
762 2461 909 2495 rebus.
958 2464 1037 2496 Με-

357 2505 619 2559 ταλαμβοὶνειν
661 2519 706 2540 τα
754 2503 927 2562 ὀνόματα
975 2504 1037 2541 ἐπὶ

358 2548 510 2591 τούτοις
549 2551 688 2585 dictum
725 2552 767 2585 ut
798 2548 864 2585 ἐπί
894 2552 973 2585 τινί
1002 2565 1037 2585 τι

360 2596 502 2638 εἰπεῖν,
538 2607 697 2631 nomen
728 2596 774 2630 in
805 2596 965 2639 aliqua
989 2607 1035 2631 re

360 2641 499 2676 adhib
511 2652 602 2684 ere
623 2641 668 2676 de
686 2652 760 2685 qua
780 2641 942 2675 dictione
961 2642 1034 2678 vid

359 2686 586 2721 Heindorf
607 2686 655 2720 ad
680 2686 840 2730 Sophist.
861 2698 897 2729 p.
913 2686 1033 2724 237D

359 2731 445 2765 Mox
486 2731 558 2764 dici
598 2732 764 2784 poterat:
806 2732 871 2765 καὶ
910 2724 1033 2776 ὥσπερ

724 2772 782 2810 ότι
825 2772 1034 2816 ἄνθρωπος

359 2819 518 2865 πράττει
546 2834 591 2854 τα
617 2834 732 2863 nocua,
757 2833 855 2855 ουτω
881 2821 951 2855 νῦν
976 2820 1032 2855 λέ-

360 2879 496 2910 γωμεν,
532 2861 590 2900 ότι
616 2878 776 2908 πραττει
802 2879 847 2900 τα
875 2863 1033 2910 οἷνιαροὶ.

1109 1776 1182 1811 Sed
1207 1787 1322 1820 quum
1348 1775 1510 1820 abrupto
1528 1774 1707 1809 sermonis
1723 1774 1785 1809 filo

1106 1821 1375 1878 interposuerit
1422 1820 1532 1854 haee:
1583 1815 1668 1854 τότε
1716 1818 1787 1864 μὲν

1108 1864 1285 1910 ἐλέγομεν
1311 1863 1359 1900 τὰ
1392 1862 1512 1908 κακά,
1544 1865 1689 1899 ratione
1727 1874 1787 1899 eo—

1106 1922 1188 1962 rum
1214 1911 1357 1952 habita,
1385 1921 1482 1953 quae
1499 1921 1567 1954 per
1584 1908 1785 1954 parenthe-

1106 1956 1161 1990 sin
1178 1956 1376 1990 interiecta
1401 1956 1498 1996 sunt,
1525 1954 1660 1988 deinde
1678 1964 1785 1999 repe-

1104 2001 1175 2034 tito
1201 2001 1313 2035 verbo
1345 2000 1524 2044 primario
1555 1999 1682 2044 pergit
1713 2001 1787 2034 νῦν

1108 2044 1151 2080 δε
1178 2045 1356 2090 λεγωμεν.
1384 2045 1513 2080 Stallb.

1154 2106 1204 2136 13.
1236 2103 1303 2141 τίς
1330 2099 1443 2145 ἄλλη
1470 2099 1647 2143 ἀναξία
1671 2096 1785 2143 ἠδο-

1106 2146 1177 2191 νῇ]
1212 2146 1340 2181 Cicero
1373 2157 1432 2190 ap.
1469 2145 1644 2182 Priscian
1672 2144 1705 2178 V
1731 2148 1784 2187 12,

1105 2196 1149 2226 64
1181 2193 1219 2226 et
1243 2191 1295 2225 VI
1321 2195 1352 2234 7,
1379 2195 1422 2226 35
1453 2191 1551 2225 hunc
1580 2190 1702 2224 locum
1735 2189 1786 2223 sic

1104 2218 1392 2281 interpretatur:
1455 2235 1576 2278 Quae
1635 2235 1785 2278 igitur

1104 2283 1272 2326 potest
1294 2292 1391 2315 esse
1422 2280 1679 2324 indignitas
1712 2289 1787 2313 vo-

1107 2326 1304 2372 luptatis
1323 2326 1379 2360 ad
1396 2325 1675 2366 molestiam
1695 2323 1786 2357 nisi

1106 2374 1150 2405 in
1175 2371 1500 2415 magnitudine
1525 2371 1603 2404 aut
1633 2368 1785 2412 longi-

1107 2416 1269 2451 tudine
1297 2416 1498 2450 alterius
1523 2414 1676 2449 utrius
1707 2422 1783 2463 Ρο-

1107 2462 1222 2495 sita?
1272 2460 1408 2495 Similis
1438 2459 1700 2504 interpretatio
1725 2457 1784 2492 Fi-

1109 2506 1181 2541 cini
1207 2507 1278 2541 est:
1313 2505 1433 2547 Quae
1465 2504 1559 2539 alia
1582 2505 1707 2538 inest
1732 2502 1785 2537 ad

1109 2552 1311 2586 dolorem
1346 2549 1613 2594 indignitas
1653 2548 1784 2583 volu-

1106 2597 1230 2642 ptati
1260 2605 1391 2639 quam
1409 2596 1484 2649 ‚etc
1523 2594 1573 2628 Et
1597 2594 1644 2628 ob
1651 2603 1784 2648 prae·

1105 2651 1232 2687 gressa
1266 2640 1332 2674 illa
1374 2637 1443 2674 οὐκ
1488 2635 1607 2682 ἀξίων
1647 2635 1782 2679 ὄντων,

1104 2690 1185 2720 tum
1225 2697 1324 2719 κατα
1365 2686 1405 2719 τί
1440 2682 1585 2727 ἀνάξια
1623 2680 1782 2732 τάγαθὰ

1104 2730 1178 2766 τῶν
1220 2730 1367 2772 κακῶν,
1413 2729 1575 2771 denique
1595 2738 1782 2783 proxime

1103 2774 1370 2829 praecedentia
1395 2772 1565 2816 ἀναξίων
1590 2769 1711 2808 ὄντων
1728 2786 1783 2806 νι-

1104 2821 1189 2862 κᾶν,
1219 2830 1293 2854 non
1327 2817 1435 2862 ἄξι’,α
1468 2818 1534 2853 sed
1560 2815 1703 2861 ἀναξία
1727 2828 1781 2851 re-

1104 2864 1274 2908 quiritur,
1300 2873 1411 2906 quam
1438 2874 1580 2906 vocem,
1602 2864 1645 2897 ut
1664 2862 1782 2897 mani-

1807 878 1840 904 10
