1907 3230
553 157 888 194 PROTAGORAS.
930 156 970 191 P.
997 160 1061 191 343
1087 154 1152 190 ST.

1491 153 1571 196 145

264 261 364 316 Gap.
387 260 546 304 XXIX.
575 258 941 312 Έπισκεψώμεθα
973 257 1026 311 δὴ
1059 254 1168 297 αὐτὸ
1201 257 1330 309 κοινῇ
1363 253 1570 307 ἅπαντες,

152 329 193 371 εἰ
229 327 316 382 α’ρα
357 325 443 381 ἐγὼ
482 325 630 380 ἀληθῆ
668 326 794 378 λέγω.

856 321 1016 372 Εὐθὺς
1052 337 1139 376 γαρ
1178 319 1228 363 τὸ
1266 323 1446 373 πρῶτον
1489 323 1570 361 τοῦ

152 393 346 452 ἅσματος
383 392 575 448 μανικὸν
614 391 671 434 ἂν
702 392 888 445 φανείη,
930 390 970 431 εἰ
998 389 1274 443 βουλόμενος
1304 388 1467 440 λέγειν,
1500 385 1616 430 ὅτιΙ)

151 461 298 516 ἄνδρα
321 460 496 515 ἀγαθὸν
524 459 738 513 γενέσθαι
769 454 978 512 χαλεπόν,
1011 458 1160 498 ἔπειτα
1183 454 1368 508 ἐνέβαλε
1391 451 1440 496 τὸ
1461 455 1571 508 μέν.
1622 483 1624 485 v

152 532 285 576 τοῦτο
324 526 410 582 γὰρ
449 525 554 569 οὐδὲ
595 524 706 581 πρὸς
735 524 814 566 ἕνα
845 523 982 578 λόγον
1013 525 1221 577 φαίνεται
1253 521 1573 576 ἐμβεβλῆσθαι,

158 595 239 638 ἐὰν
270 596 330 650 μή
360 611 424 643 τις
453 591 659 647 ὑπολάβῃ
692 590 802 645 πρὸς
831 589 881 633 τὸ
912 593 993 632 τοῦ
1024 591 1250 631 Πιττακοῦ
1282 588 1398 643 ῥῆμα
1421 586 1572 641 ὥσπερ

156 663 359 716 ἐρίζοντα
391 661 538 714 λέγειν
568 658 647 700 τὸν
678 659 957 712 Σιμωνίδην·
996 657 1205 711 λέγοντος
1234 659 1314 697 τοῦ
1344 657 1575 697 Πιττακοῦ

153 728 220 771 ὅτι
251 726 460 770 Χαλεπὸν
491 725 659 770 ἐσθλὸν
690 728 896 781 ἔμμεναι,
930 723 1299 779 ἀμφισβητοῦντα
1331 724 1472 764 εἰπεῖν
1504 720 1572 764 ὅτι

157 796 277 848 Οὔκ,
316 793 429 836 ἀλλὰ
467 794 682 848 γενέσθαι
709 792 792 846 μὲν
823 790 1020 846 χαλεπὸν
1051 790 1196 844 ἄνδρα
1227 788 1403 843 ἀγαθόν
1435 789 1574 843 ἐστιν,

267 923 297 952 1.
323 915 378 960 δὴ
398 916 484 950 BT:
513 915 555 951 δὲ
580 915 774 951 Heindorf.

153 963 308 1007 εβοὶλετο
333 961 404 1007 μὲν
429 960 508 999 ΒΤ,

155 1064 241 1099 cto.
305 1062 446 1097 Deinde
495 1057 830 1104 ἐπιβουλεύειν

154 1109 224 1142 est
254 1107 477 1141 insidiose
510 1106 714 1147 studere,
757 1115 831 1147 quo

154 1152 364 1202 significatu
395 1151 465 1186 hoc
490 1151 645 1185 verbum
671 1161 754 1184 cum
779 1150 831 1183 in-

154 1197 297 1231 finitivo
333 1196 500 1231 iunctum
535 1196 674 1248 legitor
720 1194 831 1229 etiam

155 1252 314 1298 sympos.
342 1252 378 1295 p.
398 1240 526 1275 20313:
563 1240 584 1284 ἡ
614 1239 682 1275 οὐν
708 1240 833 1274 Πενία

155 1283 460 1331 ἐπιβουλεύουσα
477 1306 520 1310 -
537 1286 698 1319 παιδίον
723 1281 833 1328 ποιή-

160 1333 317 1366 σασθαι.
344 1330 440 1374 Lys.
458 1340 509 1365 or.
531 1334 583 1372 13,
605 1334 661 1363 12:
682 1326 832 1373 ἐπιβου-

156 1375 335 1415 λεύοντες
367 1376 580 1409 καταλῦσαι
615 1371 683 1417 τὴν
717 1374 817 1417 δηο

154 1421 329 1464 κρατίαν,
366 1419 499 1454 Idem.
527 1429 579 1453 or.
606 1423 637 1459 4,
664 1422 718 1452 42.
793 1429 833 1452 6-

155 1465 320 1500 mosth.
336 1476 388 1499 or.
403 1469 457 1506 21,
473 1465 620 1498 lGetSS.
634 1462 833 1516 Xenoph.

153 1520 314 1566 sympos.
341 1509 391 1543 IV
410 1491 467 1543 52':
491 1507 737 1563 αἰσθάνομαι
762 1506 834 1551 γάρ

155 1567 269 1595 τινας
291 1549 617 1608 ἐπιβουλεύοντας
650 1554 835 1606 διαφθεῖ-

157 1612 220 1652 ραι
252 1595 382 1634 αυτόν.
421 1593 830 1640 anabas.V6,29:a13-

157 1641 220 1684 τὰς
252 1641 481 1688 επεβουλευε
519 1624 744 1687 διαβάλλειν
776 1654 832 1686 με.

157 1689 284 1724 Stazlb.

203 1744 353 1779 τούτω
381 1764 422 1768 -
447 1743 673 1778 κολοῦσαι
707 1739 834 1785 αὐτό]

157 1789 228 1824 hoc
265 1781 460 1833 (carmine)
497 1787 704 1833 deprimere
741 1786 835 1820 illud

159 1833 343 1879 (dictum).
364 1831 550 1874 κολούειν,
569 1832 665 1875 quod
686 1831 834 1876 proprie

159 1878 345 1923 significat
384 1878 578 1920 mutilare,
627 1878 833 1927 amputare,

158 1924 193 1958 h
190 1906 244 1957 ²³1.
285 1923 455 1957 elevandi
485 1922 545 1956 vel
577 1921 768 1965 affligendi
799 1921 836 1955 vi

160 1968 324 2013 positum
349 1968 415 2002 est.

203 2034 236 2064 4.
256 2028 419 2064 ἔπειτα
443 2027 637 2082 ἐνέβαλε
663 2024 710 2062 τὸ
737 2027 837 2082 μέν]

160 2075 199 2109 Ρ.
225 2078 289 2109 339
314 2073 363 2107 B:
405 2070 531 2117 ἄνδρα
571 2069 729 2125 οἷγαθόν
766 2085 837 2116 μεν

163 2117 379 2162 ἄλαθέωςγ
384 2118 543 2154 ενέσθαι
587 2114 742 2152 αλεπόν.
771 2117 836 2152 So-

160 2165 280 2198 crates
306 2163 396 2197 haec
422 2163 528 2198 dicit:
553 2132 744 2196 ἐπί-,1011131
768 2160 839 2206 μέν

159 2209 301 2243 indicat
340 2208 564 2242 sententiam
603 2217 676 2240 non
716 2207 835 2250 ipsam

160 2264 230 2299 per
263 2265 300 2288 se
333 2253 551 2303 capiendam
585 2262 681 2292 esse,
712 2251 777 2285 sed
803 2262 837 2285 ei

162 2301 228 2332 aut
243 2297 364 2348 planis
385 2298 506 2332 verbis
525 2298 591 2331 aut
607 2296 836 2340 cogitatione

162 2355 185 2378 a
215 2343 393 2387 scriptore
426 2343 584 2376 alteram
617 2351 694 2375 esse
720 2350 835 2383 oppo-

163 2387 285 2425 sitam.
326 2388 457 2440 Itaque
484 2386 682 2422 Simonidis
701 2386 838 2434 animo,

164 2444 278 2476 quum
303 2436 464 2477 prunum
494 2442 640 2466 versum
667 2429 839 2464 carminis

164 2480 420 2522 componeret,
445 2477 582 2512 Pittaci
608 2475 749 2509 dictum
776 2474 838 2508 ob-

164 2526 351 2557 versatum
377 2533 454 2556 esse
480 2520 718 2556 statuendum
745 2520 810 2553 est.

211 2589 241 2618 5.
282 2580 395 2618 ου’δε
432 2582 544 2626 πρὸς
576 2581 656 2618 ε’να
689 2579 845 2634 λόγον]

164 2628 309 2663 Fortius
344 2628 414 2663 hoc
439 2628 579 2662 dictum
611 2638 724 2671 quam
749 2625 846 2669 πρὸς

167 2672 312 2709 οὐδένα
325 2670 448 2718 λόγον,
463 2675 504 2707 ut
517 2673 711 2728 significet
718 2682 767 2715 pr
775 2682 843 2705 or-

168 2730 239 2753 sus
266 2718 434 2763 inepte.
472 2718 527 2752 De
554 2716 645 2753 οὐδε
675 2716 776 2757 εἴςν.
797 2716 843 2750 ad

169 2762 282 2807 Gorg.
309 2774 345 2807 p.
370 2767 434 2797 512
460 2763 499 2797 Ε.
527 2763 735 2798 Dictionem
759 2761 842 2795 illu-

168 2809 340 2842 strabunt
362 2808 470 2842 haec:
497 2808 637 2843 Phileb.
663 2819 700 2852 p.
729 2812 770 2842 33
795 2806 840 2839 B:

169 2864 279 2887 τουτο
311 2851 378 2895 μὲν
410 2851 464 2887 ἐτι
491 2853 670 2893 εἰσαῦθις
697 2850 842 2888 ἐπισκε-

235 2919 337 2942 PLAT.
364 2920 463 2944 ΡΒΟΤ.

855 911 1048 959 ἐνέβαλε
1073 909 1119 948 τὸ
1145 910 1227 957 μὲν
1253 911 1489 956 apographa:
1518 908 1572 947 ἐν-

1126 995 1150 1007 Q

900 1057 1087 1103 ψώμεθα,
1122 1056 1189 1093 ἒαν
1221 1057 1315 1100 πρὸς
1342 1057 1454 1111 λόγον
1481 1071 1516 1092 τι
1542 1057 1579 1104 ῂ.

901 1094 995 1139 Ibid
1014 1114 1048 1147 p.
1063 1085 1166 1137 4’2E:
1193 1101 1309 1138 οὐδὲν
1321 1116 1427 1155 προς
1455 1095 1578 1146 λόγον,

903 1144 930 1183 ὦ
972 1147 1192 1204 Πρώταρχε,
1231 1143 1251 1182 ὃ
1290 1144 1334 1183 σὺ
1371 1149 1445 1183 νῦν
1483 1148 1529 1194 ἥρ
1511 1161 1578 1192 ρου

901 1191 943 1228 τὸ
961 1189 1186 1249 ἐρώτημα.
1211 1193 1303 1227 Ibid.
1313 1205 1365 1250 p
1395 1196 1434 1227 18
1460 1194 1510 1228 D:

901 1235 996 1281 πρὸς
1023 1237 1110 1276 ἔπος
1136 1238 1185 1272 αὐ
1212 1236 1323 1272 ταῦτ’
1351 1237 1445 1280 ἕςστι
1472 1238 1579 1272 Prot-

903 1293 1004 1334 agor.
1031 1293 1067 1334 p.
1092 1286 1158 1317 344
1183 1283 1232 1316 Α·
1269 1277 1367 1317 οὕτω
1396 1285 1579 1326 φαίνεται

902 1324 996 1371 πρὸς
1023 1324 1135 1371 λόγον
1167 1325 1213 1361 τὸ
1241 1326 1323 1371 μέν
1349 1324 1579 1379 ἐμβεβλημέ-

904 1385 982 1414 νον,
1007 1371 1072 1406 ubi
1097 1371 1156 1406 hic
1180 1372 1280 1406 locus
1300 1373 1512 1425 respicitur,
1542 1385 1577 1417 p.

904 1421 967 1452 351
982 1417 1028 1450 E:
1059 1413 1127 1450 ἐὰν
1151 1415 1221 1460 μὲν
1240 1415 1332 1461 πρὸς
1351 1418 1464 1462 λόγον
1484 1418 1580 1464 δοκῇ

906 1460 1006 1497 εἶναι
1045 1459 1086 1495 τὸ
1128 1461 1287 1506 σκέμμα.
1338 1463 1456 1497 Alcib.
1484 1463 1579 1507 Hp.

906 1511 968 1541 147
995 1506 1035 1540 B.
1062 1506 1109 1540 al
1135 1505 1263 1543 Stallb.

950 1555 981 1585 7.
1010 1549 1228 1602 λέγοντος
1254 1552 1332 1586 τοῦ
1357 1554 1402 1586 Π.
1429 1570 1472 1575 —-
1499 1565 1557 1596 αμ

1483 1565 1581 1631 Ante

1450 1652 1582 1675 orna-

905 1687 973 1720 rio
1011 1688 1079 1720 καί
1114 1686 1354 1727 inserendum
1394 1687 1580 1730 opinetur,

905 1741 990 1765 vere
1029 1729 1244 1764 observavit
1282 1730 1582 1765 Heindorfius

905 1775 998 1810 haec
1022 1785 1089 1818 per
1114 1775 1340 1819 epexegesin
1357 1776 1444 1809 addi
1461 1775 1584 1810 verbis

906 1818 1078 1863 ἐρίζοντα
1105 1821 1246 1872 λέγειν,
1277 1830 1495 1864 comparans
1519 1820 1585 1855 illa

905 1877 940 1909 p
966 1868 1032 1899 384
1056 1865 1105 1898 A.
1150 1861 1237 1904 τοὺς
1280 1865 1479 1905 τοιούτους
1520 1878 1584 1908 μοι

906 1911 1017 1944 δοκεῖ
1041 1909 1195 1964 χρῆναι
1204 1911 1348 1953 μᾶλλον
1375 1913 1585 1963 μιμεῖσθαι

907 1951 973 2007 ἐμέ
997 1967 1036 1989 τε
1063 1954 1128 1988 καὶ
1154 1953 1206 1997 σε’,
1232 1953 1584 1998 καταθεμένους-

1481 1999 1585 2037 Oonf

1413 2055 1449 2088 p.
1469 2048 1534 2079 352
1553 2046 1585 2079 A

908 2090 946 2123 et
971 2099 1068 2131 quae
1094 2089 1185 2122 alibi
1210 2089 1255 2123 de
1281 2089 1351 2123 hac
1376 2089 1582 2123 enuntiato-

907 2145 990 2167 rum
1008 2133 1250 2186 appositione
1276 2133 1448 2169 diximus.
1500 2133 1586 2168 Mox

909 2179 956 2213 ad
975 2174 1044 2213 οὐκ
1062 2178 1346 2233 intelligendum
1371 2189 1449 2213 esse
1467 2179 1587 2223 liquet

906 2221 1049 2258 ἐσθλὸν
1075 2222 1237 2267 ἔμμεναι
1263 2222 1443 2277 χαλεπόν.
1471 2225 1585 2275 Gorg.

935 2296 941 2302 .
974 2271 1039 2302 477
1063 2268 1111 2301 A:
1154 2269 1296 2303 κακίαν
1336 2265 1458 2312 ἄλλην
1498 2282 1587 2303 τινα

907 2314 1041 2367 ’.ἐφορᾷς
1088 2307 1111 2356 ἦ
1152 2314 1308 2353 πενί,αν
1355 2313 1444 2347 Pol.
1487 2310 1587 2353 Οὔκ,

907 2351 1008 2392 αλλόἰ
1044 2359 1196 2394 neszocv
1250 2339 1345 2394 1111ᾶ.
1378 2369 1413 2402 p.
1444 2363 1510 2393 448
1536 2357 1586 2394 D.

909 2401 1006 2437 ἀλλὰ
1034 2400 1078 2437 σύ
1107 2402 1142 2437 εἰ
1166 2402 1314 2456 βούλει,
1343 2400 1430 2455 ἐροῦ
1457 2401 1587 2438 αὐτόν.

913 2447 966 2482 So
978 2458 1032 2482 cr
1060 2445 1154 2488 Οὔκ,
1173 2443 1268 2483 ἀλλὰ
1285 2448 1382 2482 πολὺ
1401 2461 1450 2482 αν
1475 2444 1589 2501 ἥδιον

914 2490 966 2529 σε’
1006 2474 1219 2546 Τ1163613111.
1247 2497 1311 2528 149
1335 2493 1384 2546 Ε.
1423 2494 1507 2541 τῆς
1523 2489 1591 2527 αὐ-

914 2532 1184 2617 τΤῆέθέθόἰλλὸς
1205 2537 1445 2625 οῖ’ἓιλλτὲχνης
1471 2537 1589 2591 εἶναι,

917 2578 1590 2681 Χ6Πορ11.111ἔ111.ΙΙοὲὶ,τ1η2ςτααυλτλῆαςς

919 2670 962 2706 δέ
990 2685 1101 2726 τινας
1130 2670 1248 2706 οἶσθα
1280 2655 1448 2716 ἐπῳδάς;
1492 2669 1587 2713 Οὔκ,

914 2712 1000 2751 αλλ’
1028 2713 1176 2761 ἤκουσα
1201 2713 1274 2753 κτὲ,
1307 2709 1436 2752 S'tallb
1461 2716 1587 2751 Verbo

913 2757 1590 2850 {s‘tq'ssfiffi⁶13ros0i³1⁶05³32⁸0tss¹1³n⁶a13⁸¹ffi

912 2854 976 2886 337
995 2850 1023 2884 Β
1048 2853 1289 2896 propositam.

1277 2912 1316 2941 10

905 1595 1249 1651 φισβητοῦντα
1269 1595 1426 1631 εἰπεῖν

906 1640 1079 1685 λέγοντος
1110 1651 1156 1675 116
1188 1640 1269 1685 quis
1300 1652 1381 1675 cum

905 1996 995 2038 τοὺς
1037 1997 1171 2043 λόγους
1210 2002 1423 2034 ποιεῖσθαι.

906 2044 1104 2089 praeterea,
1136 2044 1183 2078 ad
1207 2055 1242 2088 p
1261 2048 1327 2079 330
1345 2045 1387 2079 A.
