1907 3230
544 168 876 205 PROTAGORAS.
900 168 940 203 P.
967 172 1032 203 353
1057 168 1125 202 ST.
1463 168 1540 209 169

129 272 259 328 ἡμᾶς·
302 274 346 313 τί
373 269 455 313 οὖν
486 285 597 324 φατε
628 271 759 312 τοῦτο
792 266 920 321 εἶναι,
953 265 977 309 ὃ
1005 266 1131 322 ἡμεῖς
1160 266 1275 322 ἥττω
1309 263 1422 308 εἶναι
1452 270 1542 308 τών
1568 274 1594 309 O

128 338 307 393 ἡδονῶν
347 338 576 391 ἐλε’γομεν;
617 335 780 389 εἴποιμ’
819 334 876 377 ἂν
915 336 1053 387 ἔγωγε
1091 331 1402 388 πρὸςαύτούς
1441 331 1541 375 ὡδί·

129 401 313 447 ἀκούετε
351 404 426 458 δή·
467 401 772 457 πειρασόμεθα
809 400 896 455 γάρ
936 398 1045 455 ὑμῖν
1086 401 1173 454 ἐγώ
1204 416 1250 442 τε
1281 399 1355 441 καὶ
1386 404 1543 453 Πρωτ-

132 473 299 526 αγόρας
337 470 518 526 φράσαι.
579 467 687 511 ἄλλο
726 485 766 511 τι
796 468 903 522 γάρ,
941 462 977 510 ὦ
1009 466 1260 522 ἄνθρωποι,
1293 467 1404 521 φατὲ
1436 465 1544 520 ὑμῖν

89 550 106 576 5
131 542 260 581 τοῦτο
291 540 528 592 γίγνεσθαι
560 537 610 578 ἐν
649 536 864 590 τοιοῖσδε,
902 529 999 577 οἷον
1037 535 1252 584 πολλάκις
1291 532 1377 575 ὑπὸ
1409 536 1544 576 σίτων

130 606 203 647 καὶ
241 608 391 647 ποτῶν
428 604 501 646 καὶ
540 602 820 658 ἀφροδισίων
858 602 1154 656 κρατούμενοι
1189 601 1333 656 ἡδέων
1378 600 1539 653 ὄντων,

130 671 474 727 γιγνώσκοντες,
515 668 582 712 ὅτι
619 669 793 724 πονηρά
831 670 968 723 ἐστιν,
1009 668 1129 723 ὅμως
1168 667 1280 710 αὐτοὶ
1313 667 1544 721 πράττεινς

131 743 271 781 Φαῖεν
311 738 379 780 ἄν.
441 735 620 780 Οὐκοῦν
658 735 860 790 ἐροίμεθ’
900 733 956 778 ἄν
995 734 1158 784 αὐτοὺς
1189 734 1276 788 ἐγώ
1307 750 1353 776 τε
1384 733 1457 775 καὶ
1489 732 1546 775 σὺ

129 806 283 847 πάλιν·
316 803 491 860 πονηρὰ
521 804 569 846 δὲ
592 802 706 847 αὐτὰ
737 807 798 859 πῇ
831 818 942 858 φατε
974 801 1111 856 εἷναι;
1144 803 1333 855 πότερον
1365 800 1431 842 ὅτι
1461 799 1542 854 τὴν
1568 808 1599 841 D

83 885 114 910 10
131 871 300 927 ἡδονὴν
330 871 498 926 ταύτην
529 873 580 914 ἐν
609 874 670 926 τῷ
702 870 964 925 παραχρῆμα
995 870 1174 923 παρέχει
1206 867 1279 910 καὶ
1309 866 1395 922 ἡδύ
1426 867 1548 909 ἐστιν

130 940 319 982 ἕκαστον
357 937 521 991 αὐτῶν,
561 938 590 993 ἢ
630 937 695 980 ὅτι
736 939 797 988 εἰς
833 936 913 979 τὸν
950 936 1140 990 ὕστερον
1179 935 1346 990 χρόνον
1383 935 1549 983 νόσους

131 1022 177 1049 τε
208 1014 329 1049 ποιεῖ
361 1006 435 1048 καὶ
465 1009 620 1055 πενίας
656 1004 730 1047 καὶ
760 1004 873 1047 ἄλλα
904 1006 1085 1046 τοιαῦτα
1117 1001 1260 1045 πολλὰ
1291 1013 1548 1055 παρασκευ-

132 1074 244 1126 άζει;
283 1071 312 1128 ἡ
349 1070 434 1115 κᾶν
474 1077 516 1115 εἴ
550 1088 590 1114 τι
628 1073 800 1114 τούτων
840 1073 901 1121 εἰς
931 1071 980 1112 τὸ
1012 1069 1203 1124 ὕστερον
1233 1069 1373 1124 μηδὲν
1403 1083 1544 1120 παρα-

134 1141 349 1193 σκευάζει,
392 1143 563 1195 χαίρειν
594 1140 642 1181 δὲ
673 1140 813 1194 μόνον
844 1145 972 1188 ποιεῖ,
1006 1137 1123 1191 ὅμως
1154 1137 1197 1179 δ’
1229 1134 1286 1179 ἂν
1317 1135 1431 1178 κακοὶ
1465 1140 1547 1190 εἴη,

81 1214 122 1246 15
141 1207 208 1250 ὅτι
245 1208 451 1250 παθόντα
490 1210 661 1261 χαίρειν
691 1213 812 1248 ποιεῖ
838 1206 911 1247 καὶ
942 1204 1136 1261 ὁπῃοῦν;
1176 1200 1250 1259 ἆρ’
1285 1201 1459 1258 οἰόμεθ’
1491 1199 1564 1244 ἂν»

224 1325 256 1354 2.
283 1319 449 1364 ἑλέγομ
463 1333 521 1358 εν,
549 1330 621 1362 quo
640 1318 788 1353 mobilis
808 1318 907 1362 vulgi
926 1317 1069 1351 animus
1087 1318 1185 1351 reete
1204 1316 1446 1360 significatur,
1465 1315 1546 1349 BT:

135 1366 292 1409 λέγομεν
318 1365 446 1399 Cobet.
518 1369 548 1398 5.
583 1363 627 1397 ἑν
663 1364 875 1398 τοιοῖσδε
907 1363 1053 1407 scripsi:
1088 1361 1258 1396 usitatius
1283 1363 1381 1395 esset
1405 1357 1444 1395 ἐν
1469 1364 1550 1398 τοῖς

132 1411 315 1451 τοιοῖσδε,
341 1410 379 1443 id
394 1411 528 1448 autem,
556 1409 654 1451 quod
673 1408 761 1442 libri
778 1408 928 1448 habent,
955 1405 995 1442 ἐν
1020 1409 1159 1448 τοῖςδε,
1185 1405 1282 1444 οἷον,
1315 1405 1549 1440 Platonicum

133 1454 225 1488 mihi
248 1465 323 1488 non
337 1454 494 1495 videtur,
521 1454 564 1487 cf.
578 1465 613 1498 p.
629 1458 695 1488 354
710 1455 752 1496 ᾼ,
771 1456 836 1487 324
851 1452 895 1495 D,
923 1451 1110 1486 Phaedon.
1136 1463 1170 1495 p.
1189 1456 1232 1486 64
1249 1451 1280 1484 D
1299 1451 1347 1487 al.
1401 1454 1450 1483 14.
1478 1451 1548 1492 εἴη

137 1511 228 1534 corr.
247 1501 284 1534 in
298 1510 425 1544 apogr.
440 1498 585 1532 Veneto
602 1502 681 1533 189:
707 1497 755 1541 ἠν
772 1497 833 1531 ΒΤ
851 1498 889 1531 et
904 1497 943 1531 in
960 1498 1116 1540 utroque
1134 1497 1261 1531 statim
1275 1496 1360 1539 post
1376 1492 1551 1538 μαθόν-

133 1558 202 1586 τα,
227 1545 326 1589 quod
341 1546 412 1578 Ast
430 1543 596 1587 pluribus
610 1543 776 1577 defendit
788 1542 903 1576 Fioini
917 1541 1274 1585 interpretationem,
1301 1551 1374 1583 qua
1387 1539 1552 1574 reddidit

135 1591 489 1633 cognoscentem
526 1587 766 1630 hominem,
810 1587 990 1632 probans3
1033 1585 1097 1620 sed
1135 1585 1310 1620 scientiae
1350 1585 1409 1618 hio
1449 1585 1550 1618 loeus

134 1634 254 1668 nullus
280 1636 345 1671 est,
394 1633 485 1674 Alii,
518 1634 561 1666 ut
585 1633 697 1667 etiam
723 1632 830 1672 Cmn,
858 1628 917 1666 ὅτι
942 1631 1207 1665 intellexerunt
1232 1639 1450 1673 pronomen,
1477 1639 1550 1662 non

134 1679 448 1720 coniunctionem,
480 1679 517 1711 et
547 1677 708 1711 formula
738 1673 797 1712 ὅτι
828 1676 1008 1721 μαθόντα
1039 1686 1189 1709 eausam
1220 1675 1258 1708 in
1283 1686 1322 1708 re
1348 1675 1430 1718 ipsa
1454 1673 1549 1717 posi·

133 1726 210 1757 tam
236 1723 433 1768 significari
458 1722 598 1758 volunt.
646 1722 718 1755 Sed
743 1723 782 1756 τί
804 1718 958 1764 μαθών,
995 1720 1094 1763 quod
1120 1724 1176 1754 est
1201 1719 1311 1762 quid
1343 1719 1550 1759 edoctus,

136 1768 244 1811 quid
281 1770 485 1810 secutus,
523 1777 595 1800 non
632 1766 702 1800 nisi
739 1767 784 1801 de
821 1765 1032 1800 hominibus
1064 1765 1197 1798 dieitur
1228 1765 1266 1798 et
1297 1773 1408 1806 saepe
1444 1762 1551 1796 reddi

135 1814 260 1857 potest
284 1824 360 1847 our
384 1816 473 1846 tam
499 1811 662 1852 stulte,
687 1813 776 1845 tam
801 1812 991 1852 temere,
1017 1811 1060 1844 cf.
1088 1809 1274 1853 Aristoph.
1301 1819 1400 1861 vesp.
1426 1811 1488 1842 251
1515 1808 1555 1841 τί

136 1855 184 1901 δὴ
212 1855 350 1900 μαθών
369 1887 375 1894 .
395 1885 401 1891 .
422 1854 554 1899 ὠθεῖς,
582 1853 736 1900 ὦνόητε.
785 1855 906 1897 Quare
932 1856 966 1892 h.
984 1855 1007 1890 l.
1035 1866 1056 1889 a
1081 1855 1236 1889 Platone
1262 1856 1443 1898 μαθόντα
1467 1862 1551 1896 pro-

138 1904 277 1936 fectum
303 1914 382 1937 esse
407 1901 546 1944 nequit.
598 1902 643 1935 Et
671 1905 910 1935 mutaverunt
936 1900 1145 1935 Stallbaum
1177 1899 1215 1932 in
1239 1896 1432 1937 παθόντα,
1461 1897 1551 1931 Her-

135 1957 246 1980 mann
271 1947 308 1981 in
334 1946 520 1990 παρόντα,
546 1948 582 1980 et
599 1945 779 1980 παθόντα
797 1946 1020 1989 receperunt
1036 1944 1149 1979 etiam
1168 1943 1317 1988 Sauppe
1343 1945 1381 1977 et
1398 1942 1551 1984 Schanz,

135 1991 199 2026 sed
223 1992 287 2026 ille
312 1987 334 2026 ὅ
359 2005 393 2026 τι
418 1989 600 2026 παθόντα
625 1992 770 2035 scripsit
795 1993 833 2025 et
858 1993 931 2024 vim
958 1989 1154 2024 locutionis
1172 1991 1210 2023 τί
1233 1987 1372 2022 παθών
1392 1987 1554 2031 (Krfiger

135 2040 188 2071 56.
215 2041 246 2079 8,
274 2038 308 2080 3)
339 2037 412 2071 huc
443 2037 626 2080 quadrare
658 2036 872 2071 arbitratur.
921 2035 1037 2069 Totus
1071 2035 1196 2068 autem
1226 2033 1328 2067 locus
1365 2032 1419 2067 ita
1453 2042 1552 2066 com-

135 2083 289 2126 paratus
322 2084 396 2124 est,
429 2084 471 2115 ut
501 2081 546 2115 de
579 2081 657 2115 eius
683 2081 943 2116 emendatione
970 2078 1240 2124 desperandum
1266 2088 1345 2112 esse
1371 2077 1553 2111 videatur.

138 2127 222 2181 {pse
255 2126 389 2170 igitur,
422 2125 492 2159 nisi
524 2126 648 2159 uncini
672 2126 709 2160 in
734 2125 804 2160 hae
829 2125 991 2159 editione
1019 2123 1167 2158 omnino
1193 2123 1450 2166 displicerent,
1481 2121 1554 2155 ista

136 2185 196 2217 ην,
228 2167 286 2205 ὅτι
319 2169 499 2215 μαθόντα
532 2172 680 2215 χαίρειν
711 2175 814 2205 ποιεί
846 2171 910 2204 καὶ
944 2166 1092 2214 ὁπῃοῦν
1126 2170 1167 2202 ut
1192 2167 1321 2202 addita
1357 2167 1403 2201 ab
1440 2166 1552 2200 inter-

136 2216 305 2265 polatore
342 2216 580 2260 saepsissem3
617 2226 702 2249 nam
744 2215 790 2249 ad
827 2214 1048 2249 sententiam
1093 2213 1279 2247 sufficiunt
1311 2213 1426 2246 verba
1455 2206 1554 2255 ὅμως

138 2257 176 2296 δ’
203 2257 250 2296 ἀν
276 2258 375 2296 κακὰ
403 2260 464 2304 εἰή
490 2260 549 2295 vel
574 2259 685 2295 etiam
711 2259 810 2294 κακὰ
837 2255 884 2294 ἂν
912 2261 982 2303 εἴη.
1020 2258 1253 2293 Summotum
1279 2259 1403 2292 autem
1422 2257 1481 2301 εἰή
1500 2258 1556 2291 est

138 2307 299 2350 ascripto
326 2308 363 2340 et
386 2305 524 2340 inserto
551 2301 610 2350 ἦν.

184 2412 214 2444 4.
253 2403 364 2441 ἄλλο
402 2421 440 2440 τι
478 2404 562 2450 γάρ
600 2418 716 2447 φατε
751 2406 808 2448 —-]

144 2462 265 2486 nonne
309 2451 379 2486 hoo
414 2451 520 2485 vobis
556 2450 679 2485 dicitis
716 2450 808 2484 acci-

140 2497 226 2531 dere
245 2497 283 2530 in
302 2497 413 2530 rebus
425 2496 531 2530 huius
547 2496 703 2539 generis.
730 2494 811 2530 οἷον

140 2543 196 2576 est
220 2541 362 2576 ‘veluti’
387 2543 426 2575 et
449 2536 548 2585 ὅμως
573 2536 671 2575 αὐτὰ
698 2538 811 2584 πράτ-

139 2599 220 2622 τειν
245 2585 383 2630 pendet
407 2597 451 2620 ex
478 2584 586 2628 φατέ.

881 2406 929 2438 ut
952 2404 1027 2449 qui
1053 2404 1268 2449 gaudeat,
1302 2404 1338 2437 is
1371 2402 1555 2437 afficia-

880 2453 953 2484 tur
992 2449 1204 2487 sensibus
1245 2447 1554 2490 quibuslibet,

881 2494 1022 2529 etiam
1061 2494 1276 2538 turpibus
1317 2493 1361 2526 et
1399 2502 1555 2536 parum

882 2539 1098 2574 honestis.
1131 2539 1256 2573 Stallb.
1286 2536 1379 2571 Mihi
1405 2536 1555 2580 quidem

882 2583 1061 2619 παθόντα
1078 2583 1227 2618 videtur
1239 2581 1470 2616 accusativus
1482 2582 1555 2615 sin-

186 2636 238 2666 10.
275 2632 352 2665 καὶ
391 2627 478 2674 ἡδύ
515 2628 656 2674 ἐστιν]
696 2629 812 2664 intell.

141 2674 181 2711 ἐν
208 2678 258 2722 τῷ
280 2677 527 2727 παραχρῆμα.

187 2726 239 2756 15.
276 2717 345 2755 ότι
382 2719 599 2755 παθόντα
631 2721 814 2763 χαίρειν

141 2765 197 2810 -]
239 2765 347 2808 quia
386 2765 586 2807 faciunt,
629 2766 675 2798 ut
715 2763 815 2807 quis

142 2810 551 2853 quomodocunque
616 2809 815 2843 affectus

141 2855 342 2899 gaudeat
369 2856 392 2892 i.
418 2866 450 2891 e.
483 2855 590 2898 quia
621 2853 814 2895 faciunt,

884 2629 1034 2673 gularis,
1059 2630 1097 2664 et
1113 2629 1232 2662 oratio
1249 2627 1458 2679 supplenda
1474 2636 1557 2670 pro-

882 2674 1029 2709 nomine
1055 2670 1154 2708 αὐτά
1178 2673 1200 2708 i.
1226 2684 1255 2707 e.
1283 2685 1327 2706 τα
1362 2669 1478 2716 ἡδέα,
1511 2671 1556 2706 de

883 2719 1019 2761 quibus
1044 2719 1179 2763 agitur.
1221 2716 1278 2751 Ad
1303 2715 1484 2752 παθόντα
1501 2718 1557 2750 in-

882 2763 1002 2808 telligi
1031 2766 1155 2808 potest
1184 2761 1286 2804 nvoi,
1318 2762 1363 2796 de
1394 2772 1467 2804 quo
1491 2772 1556 2804 ge·

883 2819 970 2843 nere
1007 2808 1182 2853 loquendi
1219 2807 1427 2842 Stallbaum
1464 2806 1559 2840 dixit

884 2853 932 2888 ad
958 2851 1095 2888 Criton.
1122 2864 1158 2897 p.
1178 2857 1219 2887 43
1237 2852 1278 2889 Β.
1303 2851 1491 2886 Phaedon.
1520 2861 1556 2894 p.
