1939 3214
352 191 356 194 ,
369 151 447 193 188
771 147 1006 184 PLATONIS
1030 148 1354 186 PROTAGORAS
1362 175 1370 184 .

365 253 439 293 καὶ
469 251 572 305 περὶ
602 252 778 293 τούτων
807 250 856 292 δὲ
881 251 1101 305 εἰσαῦθις,
1133 248 1240 292 ὅταν
1260 251 1421 307 βούλῃ,
1453 250 1666 306 διέξιμεν·
1697 253 1787 294 νῦν

275 329 341 362 362
366 317 408 361 δ’
447 317 543 373 ὥρα
584 317 670 374 ἤδη
708 318 782 360 καὶ
822 316 893 359 ἐπ’
933 316 1044 360 ἄλλο
1081 333 1122 359 τι
1160 319 1414 372 τρέπεσθαι.
1472 317 1606 372 Ἀλλ’,
1644 309 1702 373 ἦν
1740 316 1782 360 δ’

367 387 469 442 ἐγώ,
501 385 619 429 οὕτω
650 384 731 440 χρὴ
765 392 926 439 ποιεῖν,
961 389 1005 428 εἴ
1029 396 1099 428 σοι
1130 387 1264 429 δοκεῖ.
1315 386 1390 428 καὶ
1419 383 1506 441 γάρ
1539 384 1636 440 ἐμοὶ
1658 380 1785 441 οἷπερ

365 457 480 510 ἔφην
519 453 632 496 ἰέναι
670 451 807 495 πάλαι
845 452 961 507 ὥρα,
999 451 1114 495 ἀλλὰ
1144 455 1319 510 Καλλίᾳ
1354 455 1415 510 τῷ
1452 455 1576 509 καλῷ
1612 453 1785 508 χαριζό-

365 537 499 577 μενος
529 520 784 575 παρέμεινα.
1814 534 1835 562 5

485 586 620 630 Ταῦτ’
655 587 855 637 εἰπόντες
885 588 959 630 καὶ
989 587 1265 639 ἀκούσαντες
1295 587 1487 644 ἀπῇμεν.

367 708 414 749 ἂν
441 712 593 767 γένοιῖο
618 710 857 756 θαυμαστόν,
884 712 1042 756 προϊού·
1165 718 1196 749 3.
1241 711 1372 757 οἷπερ
1414 711 1549 758 ἔφην]
1593 712 1714 757 Supra
1751 723 1789 757 p.

367 771 434 804 σης
460 759 526 803 τῆς
551 757 705 801 namtas-
732 756 767 807 εζ
790 757 876 799 περὶ
902 754 1045 798 αὐτούς
1113 762 1179 794 335
1206 758 1231 793 C
1269 757 1439 793 Socrates
1480 758 1624 793 dixerat
1662 757 1790 800 aliquo

366 816 406 839 τε
431 801 521 844 τοὺς
547 801 694 848 λόγους,
722 807 779 842 οὶς
803 804 875 838 νῦν
900 800 1043 847 ἐπιχει-
1113 814 1152 839 se
1177 804 1231 838 ire
1257 804 1429 847 oportere
1452 803 1602 846 iamque
1620 812 1789 837 surrexe·

368 853 445 893 ρεῖ,
479 846 596 884 πλέον
621 843 644 893 ἢ
672 849 822 883 παίδων
850 846 1046 902 διενέγκαι
1113 851 1172 883 rat
1203 848 1424 883 abiturus.
1473 847 1531 882 Ad.
1562 858 1609 883 ea
1639 847 1710 882 nisi
1732 858 1790 882 re·

367 894 442 949 τῶν
483 892 635 929 πώποτε
673 889 882 938 ἁψαμένων
925 896 1044 938 λογων
1113 893 1308 938 spexisset‚
1327 893 1449 928 dicere
1468 893 1601 928 debuit
1618 890 1790 928 ἀπιέναι.

368 952 443 976 urs.
1113 939 1197 974 Non
1221 938 1336 981 igitur
1360 938 1450 973 licet
1472 948 1541 982 pro
1566 937 1676 983 οἷπερ
1702 937 1791 972 scri·

423 989 452 1019 1.
493 985 576 1019 νῦν
616 980 654 1018 δ’
698 980 788 1028 ὥρα
813 1004 856 1008 -
881 982 1042 1027 τρέπε·
1113 985 1202 1020 bere
1228 982 1332 1026 ὅπερ.

369 1027 500 1075 σθαι]
548 1038 664 1063 nunc
704 1038 813 1063 vero
864 1029 1043 1072 tempus

369 1075 438 1109 est
461 1074 516 1109 ad
541 1073 665 1109 aliud
683 1073 794 1125 quind
811 1073 1043 1111 accedere.

369 1119 526 1155 Theaet.
546 1130 582 1163 p.
599 1123 662 1154 145
676 1119 722 1153 B:
749 1131 827 1162 ωρα
852 1120 984 1154 τοίνυν
1002 1138 1048 1143 -

369 1165 430 1201 σοὶ
461 1162 530 1209 μὲν
563 1161 852 1207 ἐπιδεικνύναι,
886 1161 970 1208 ἐμοὶ
1003 1161 1045 1199 δὲ

371 1213 616 1245 σκοπεῖσθαι.
670 1208 808 1245 Phaed.
843 1221 880 1255 p.
914 1213 977 1244 115
1002 1210 1045 1245 A.
1162 1212 1193 1243 6.
1220 1207 1418 1255 ἀπῇμεν]
1443 1209 1511 1243 int.
1537 1207 1707 1243 Socrates
1733 1208 1791 1242 at-

369 1255 515 1290 Phileb.
547 1267 582 1300 p.
608 1258 650 1290 62
676 1254 716 1290 E.
750 1266 784 1289 v.
811 1254 956 1298 Kriiger
981 1253 1045 1289 Gr.
1117 1265 1188 1299 que
1221 1254 1482 1299 Hippocrates,
1508 1253 1573 1297 qui
1596 1253 1634 1287 in
1658 1252 1796 1287 itinere

369 1305 423 1337 50.
448 1305 479 1343 6,
506 1305 537 1339 4.
1117 1299 1163 1334 ab
1189 1298 1255 1334 illo
1280 1299 1510 1334 discesserat.

1159 1055 1191 1089 4.
1219 1052 1278 1096 τῷ
1304 1049 1443 1130 nai-62}
1474 1050 1527 1084 De
1552 1050 1622 1084 hoc
1643 1049 1794 1085 Atticae

1115 1096 1340 1131 urbanitatis
1402 1097 1426 1130 b
1446 1095 1662 1130 andimento
1718 1094 1791 1132 vid.

1116 1140 1322 1177 Stallbaum
1336 1140 1384 1176 ad
1397 1140 1509 1186 Hipp.
1522 1140 1609 1175 mai.
1623 1151 1659 1184 p.
1672 1143 1735 1195 281
1746 1139 1791 1175 A.

486 1552 564 1586 Hoc
600 1551 682 1586 Ioco
714 1551 836 1586 facere
868 1561 942 1585 non
973 1560 1124 1594 possum
1159 1549 1248 1593 quin
1281 1550 1388 1593 grato
1425 1550 1550 1583 animo
1587 1557 1793 1582 memorem

372 1597 596 1633 Guilelmum
620 1595 776 1639 Fritsch,
804 1596 994 1641 gymnasii
1009 1595 1127 1630 nostri
1145 1596 1403 1640 professorem,
1420 1603 1563 1628 summo
1585 1603 1644 1627 me
1670 1591 1793 1626 studio

372 1642 559 1678 adiuvisse
595 1641 634 1675 in
670 1641 911 1676 emendandis
948 1640 1077 1676 erratis
1112 1639 1402 1684 typographicis
1458 1637 1579 1680 Quare
1614 1636 1652 1671 in
1687 1638 1797 1679 textu

371 1687 477 1722 nulla
489 1687 576 1731 iam,
592 1686 735 1731 opinor,
750 1687 897 1721 restant
909 1686 1059 1729 praeter
1071 1682 1297 1729 σαφώτατον
1316 1695 1352 1729 p.
1366 1688 1406 1718 41
1429 1695 1463 1719 v.
1476 1687 1517 1718 13
1536 1693 1604 1727 pro
1619 1680 1789 1726 σοφώτα-

373 1746 449 1768 τον.
486 1733 684 1776 praeterea
708 1733 833 1766 autem
859 1741 954 1773 quae
981 1729 1202 1774 corrigenda
1225 1729 1495 1772 remanserunt,
1514 1727 1604 1762 haec
1629 1729 1732 1762 sunt:

485 1800 525 1834 In
550 1798 781 1845 praefatione
798 1810 835 1843 p.
857 1797 925 1831 VII
952 1809 985 1834 v.
1008 1802 1048 1832 19
1075 1808 1096 1831 a
1120 1798 1233 1832 tertio
1258 1796 1340 1830 loco
1359 1795 1534 1830 addenda
1551 1796 1637 1830 sunt
1661 1794 1799 1830 verba:

372 1845 574 1891 paucisque
606 1843 699 1879 aliis.
749 1843 792 1877 In
822 1842 1100 1888 prolegomenis
1130 1854 1166 1887 p.
1194 1846 1213 1876 2
1238 1843 1315 1878 not.
1340 1845 1359 1875 7
1385 1841 1491 1875 initio
1523 1842 1685 1883 quatuor
1716 1850 1797 1874 ver·

374 1903 481 1926 suum
512 1890 655 1935 primae
686 1889 836 1924 litterae
867 1902 911 1933 μ,
939 1886 973 1931 o’,
999 1902 1035 1931 ρ,
1062 1901 1083 1922 κ
1114 1887 1257 1931 prelum
1290 1886 1463 1920 ultimum
1490 1885 1692 1920 subeuntes
1717 1888 1795 1919 tur·

376 1937 489 1971 batae
515 1936 611 1978 sunt,
637 1946 672 1979 p.
691 1938 711 1969 5
737 1946 770 1971 v,
802 1938 840 1968 10
864 1934 1006 1968 factum
1030 1943 1098 1977 pro
1125 1932 1265 1966 factam
1290 1933 1327 1966 et
1351 1942 1386 1974 p.
1407 1935 1426 1965 7
1444 1931 1520 1966 not.
1543 1934 1581 1964 17
1608 1930 1699 1964 extr.
1727 1939 1798 1973 pro

374 1981 419 2017 de
449 1980 652 2026 legendum
683 1981 739 2014 est
763 1978 812 2016 al,
839 1981 877 2013 et
900 1990 936 2023 p.
965 1981 1005 2012 18
1030 1990 1061 2015 v,
1088 1981 1107 2011 6
1133 1976 1292 2021 φύσεως.
1341 1976 1509 2018 Itemque
1535 1986 1571 2018 p.
1590 1980 1632 2010 39
1656 1974 1695 2008 in
1719 1974 1799 2008 not.

375 2027 422 2061 ad
455 2026 544 2069 Cap,
571 2025 586 2059 Ι
617 2024 702 2067 lege
732 2023 874 2058 incedit
903 2033 971 2067 pro
1002 2022 1197 2064 incecedit,
1227 2033 1263 2066 p.
1293 2025 1333 2055 41
1365 2021 1442 2054 not.
1469 2020 1551 2055 crit.
1577 2019 1625 2054 ad
1653 2023 1692 2053 12
1717 2030 1749 2054 v.
1779 2023 1795 2053 1

373 2072 458 2116 lege
482 2071 552 2105 XII
576 2079 644 2113 pro
663 2068 760 2110 VIII,
787 2080 821 2112 p.
849 2073 891 2103 43
915 2068 953 2101 in
977 2068 1053 2101 not.
1082 2067 1162 2101 crit.
1189 2070 1280 2101 extr.
1305 2063 1415 2111 ᾔδειν
1440 2075 1508 2109 pro
1534 2060 1658 2109 ἥὸειν,
1691 2076 1727 2109 p.
1754 2067 1799 2098 44

374 2117 411 2151 in
436 2117 514 2150 not.
542 2120 557 2149 1
587 2107 643 2149 Εὖ
668 2124 735 2158 pro
763 2115 829 2155 Ev,
854 2124 890 2158 p.
915 2116 957 2147 47
983 2113 1058 2146 not.
1088 2118 1101 2145 1
1130 2113 1222 2146 extr.
1249 2122 1294 2146 ex
1318 2110 1445 2144 multis
1469 2119 1537 2154 pro
1563 2120 1586 2144 a
1608 2109 1735 2144 multis
1760 2109 1809 2143 et.

373 2174 410 2206 p.
435 2165 477 2196 99
502 2162 578 2194 not.
599 2158 678 2194 crit.
698 2158 862 2203 praefige
888 2162 907 2192 6
932 2167 999 2202 pro
1026 2161 1044 2192 7
1069 2156 1195 2200 ibique
1221 2156 1259 2190 in
1283 2156 1361 2190 not.
1389 2155 1531 2200 exeget.
1557 2157 1578 2189 8
1602 2154 1685 2199 lege
1712 2154 1797 2189 cho-

373 2218 455 2241 rum
479 2215 546 2250 pro
572 2205 716 2240 chorus.
947 2213 949 2216 ’

490 2272 660 2315 Denique
693 2281 780 2305 casu
809 2270 932 2305 nescio
966 2278 1039 2313 quo
1063 2280 1099 2313 p.
1128 2272 1189 2304 102
1214 2268 1252 2302 in
1277 2269 1377 2302 notis
1403 2267 1539 2303 criticis
1563 2266 1657 2301 haec
1682 2266 1796 2300 inter-

379 2318 566 2353 ciderunt:
607 2321 658 2352 10.
695 2317 865 2351 πολλοῦ
903 2312 987 2359 γὰρ
1025 2312 1251 2358 ποιοῦμαι
1291 2313 1378 2348 BT:
1416 2312 1504 2356 περὶ
1541 2312 1684 2346 πολλοῦ
1722 2309 1799 2356 γὰρ

376 2366 560 2417 ποιοῦμαι
592 2361 728 2403 Cobet,
755 2372 842 2405 ego,
870 2361 901 2395 si
926 2359 1201 2405 praepositione
1227 2369 1320 2403 opus
1346 2360 1403 2399 sit,
1429 2356 1626 2392 maluerim
1650 2355 1797 2391 πολλοῦ

377 2423 449 2455 γαρ
473 2407 559 2452 πέρι
584 2407 784 2450 ποιοῦμαι.
