1939 3214
321 138 376 180 22
857 139 1223 175 PROLEGOMENA

326 240 585 281 dramaticae
623 240 856 295 significari
896 243 1091 295 possunt.
1179 240 1399 282 Habemus
1429 241 1500 283 hic
1531 241 1746 296 πρότασιν

321 311 354 338 s.
388 295 614 349 πρόλογον
645 311 670 337 a
706 312 745 351 p.
777 297 860 338 309
892 297 944 338 ad
975 312 1016 352 p.
1048 297 1132 339 320
1163 297 1213 348 C,
1254 296 1456 339 habemus
1488 298 1692 340 ἐπίτασιν
1721 314 1746 341 a

324 367 366 407 p.
399 353 482 395 320
504 352 536 395 C
568 353 619 394 ad
650 368 690 407 p.
722 353 805 394 360
827 352 863 395 E
896 354 1066 407 eiusque
1088 355 1174 394 tres'
1196 355 1314 395 actus
1345 379 1399 384 —
1431 368 1610 408 quorum
1632 355 1747 410 quis-

321 423 420 463 que,
461 412 508 450 ut
551 424 600 450 ex
641 410 914 451 summario
955 410 1194 464 perspicere
1233 410 1352 460 licet,
1392 411 1550 464 triplici
1579 413 1746 453 ratione

324 466 485 506 divisus
508 468 571 506 est
606 491 657 496 -—-
688 469 730 506 et
751 465 921 520 quidem
943 465 1154 520 εἰσβολήν
1176 481 1200 506 a
1220 481 1260 520 p.
1283 466 1366 508 320
1386 465 1419 508 C
1450 467 1503 508 ad
1525 482 1564 521 p.
1586 468 1668 509 328
1689 467 1744 521 D,

319 520 495 576 πλοκήν
513 536 544 562 s.
569 522 693 563 δέσιν
723 536 748 562 a
778 537 816 576 p.
838 522 920 563 328
938 521 976 562 D
1009 522 1062 562 ad
1092 537 1133 576 p.
1157 522 1241 563 342
1262 521 1314 570 A,
1346 524 1480 564 λύσιν
1501 538 1525 564 a
1545 539 1585 575 p.
1607 524 1689 565 342
1709 525 1746 565 A

321 577 373 618 ad
394 578 563 675 ἕὸ23ἶξῧο
593 577 643 628 Ε,
675 577 877 619 habemus
909 578 1088 633 denique
1120 579 1440 634 καταστροφήν
1470 594 1502 620 s.
1535 578 1692 629 ἔξοδον
1722 595 1746 621 a

320 649 361 688 p
433 634 625 744 Itemhue
647 704 714 731 res
737 689 867 744 ipsae,
898 690 948 731 de
970 690 1122 744 quibus
1144 691 1296 745 agitur,
1319 691 1422 745 quin
1444 691 1622 747 ingenui
1644 691 1746 733 ado—

318 746 517 788 lescentis
565 746 753 787 animum
792 749 1071 800 permoveant
1115 749 1157 788 et
1170 724 1480 799 ³:inflamment,
1526 748 1618 790 fieri
1656 763 1746 790 non

323 805 475 856 potest.
538 802 801 844 Universa
840 805 982 844 autem
1021 804 1318 858 disputatio
1351 782 1599 868 quorsum
1631 819 1746 859 per-

319 860 512 913 tineat,
553 860 588 900 si
627 860 888 913 quaerimus,
928 873 1100 901 necesse
1139 864 1203 902 est
1233 861 1552 902 meminerimus
1584 860 1745 915 Hippo-

325 918 494 966 cratem,
528 915 840 957 adolescentem
871 915 1129 971 Protagorae
1161 917 1380 959 doctrinae
1413 917 1744 971 cupidissimum,

319 972 472 1013 horum
505 986 748 1013 sermonum
780 986 948 1013 causam
979 973 1122 1026 fuisse,
1154 974 1266 1015 unde
1295 973 1421 1014 facile
1454 973 1535 1014 erit
1571 974 1746 1028 cognitu

320 1027 543 1069 Platonem
573 1028 653 1069 hoc
676 1030 903 1091 spectasse,
936 1031 983 1069 ut
1005 1006 1290 1082 sophistarum
1311 1029 1578 1083 maximeque
1601 1043 1745 1070 eorum

318 1085 523 1138 principis
578 1084 804 1147 disciplina
851 1085 896 1125 in
939 1087 1127 1126 omnium
1172 1088 1401 1139 conspectu
1445 1088 1742 1149 exponeretur.

318 1142 461 1195 Atque
491 1140 534 1181 id
566 1141 735 1194 quidem
767 1141 828 1182 sic
861 1144 1111 1182 consecutus
1144 1145 1220 1192 est,
1253 1146 1299 1183 ut
1330 1144 1373 1183 et
1403 1155 1483 1195 res,
1514 1142 1559 1182 in
1590 1142 1744 1196 quibus

319 1197 490 1238 illorum
531 1197 756 1251 disciplina
787 1197 1052 1249 versabatur,
1092 1200 1436 1252 persequeretur,
1479 1200 1521 1239 et
1551 1198 1663 1239 viam
1695 1212 1744 1239 ac

318 1254 550 1305 rationem,
592 1268 674 1307 qua
705 1253 934 1307 discipulos
966 1254 1238 1303 erudiebant,
1281 1253 1535 1295 ostenderet.
1596 1253 1745 1309 Itaque

322 1311 367 1351 111
397 1310 477 1351 1100
509 1310 680 1365 dialogo
712 1310 950 1364 exemplum
983 1310 1308 1364 sophisticarum
1340 1311 1606 1363 orationum,
1638 1325 1745 1374 qua-e

317 1367 488 1421 proprie
522 1365 755 1415 ἐπιδείξεις
786 1366 1134 1420 appellabantur,
1168 1367 1552 1408 luculentissimum
1583 1367 1744 1408 inveni-

320 1437 428 1473 mus,
462 1426 551 1464 tum
586 1422 786 1476 videmus,
818 1425 865 1463 ut
895 1422 1085 1477 sophista
1110 1438 1205 1464 cum
1227 1423 1412 1477 Socrate,
1443 1422 1617 1464 homine
1639 1423 1744 1464 aitis

318 1479 565 1520 dialecticae
614 1479 894 1533 peritissimO,
945 1479 1085 1520 verbis
1125 1479 1387 1520 contendens
1425 1493 1583 1520 nomen
1623 1493 1745 1520 suum

318 1538 487 1576 tueatur
517 1538 560 1576 et
589 1536 907 1586 auctoritatem,
948 1535 1128 1589 denique
1159 1536 1461 1590 grammaticae
1493 1536 1745 1590 interpreta-

319 1592 449 1633 tionis
471 1594 692 1646 poetarum
715 1592 930 1645 specimen
953 1591 1189 1645 exhibetur,
1211 1593 1348 1646 idque,
1372 1592 1484 1646 quod
1506 1591 1744 1633 litterarum

318 1648 608 1690 monumentis
647 1648 860 1702 proditum
901 1648 974 1698 sit,
1015 1649 1370 1702 antiquissimum.
1432 1648 1521 1689 Iam
1561 1662 1658 1689 vero
1691 1648 1744 1689 a'd

319 1719 421 1759 quas
454 1719 520 1745 res
553 1704 766 1758 sophistae
798 1705 1049 1758 instituant,
1090 1705 1132 1745 id
1163 1705 1347 1758 primum
1378 1705 1423 1745 in
1454 1718 1503 1745 eo
1535 1718 1742 1756 sermone,

319 1776 441 1815 quem
484 1759 677 1802 Socrates
718 1774 812 1802 cum
851 1760 1115 1814 Hippocrate
1154 1761 1303 1813 habet,
1352 1760 1604 1815 disputatur.
1665 1760 1744 1802 Cui

319 1817 559 1873 quaestioni
590 1817 815 1858 solvendae
847 1831 975 1871 quum
1006 1817 1088 1871 ipsi
1119 1817 1200 1858 sibi
1230 1817 1455 1858 videantur
1485 1818 1689 1871 impares,
1721 1831 1745 1858 a

320 1874 576 1928 Protagora,
616 1873 741 1914 simul
781 1875 908 1927 atque
940 1873 991 1914 ad
1025 1888 1120 1914 eum
1150 1876 1401 1927 perventum
1434 1875 1516 1927 est,
1557 1873 1743 1914 eiusdem

318 1931 379 1972 rei
411 1930 738 1983 explicationem
770 1932 936 1983 petunt.
995 1929 1073 1971 Ille
1095 1944 1225 1983 quum
1246 1929 1440 1970 homines
1462 1929 1743 1983 sapientiores

318 1990 360 2028 et
390 1987 585 2027 meliores
617 2000 693 2027 sua
724 1986 965 2048 disciplina
981 1986 1092 2027 effici
1124 1986 1259 2038 dicat,
1299 1988 1389 2026 tum
1421 1985 1471 2026 de
1502 1985 1670 2026 virtutis
1700 1985 1743 2026 vi

318 2058 366 2085 ac
407 2043 583 2083 notione
619 2042 861 2093 disseritur,
900 2042 1019 2083 cuius
1051 2041 1266 2095 Socrates
1308 2042 1386 2082 etsi
1417 2041 1543 2095 paulo
1574 2041 1742 2096 tectius,

319 2099 400 2140 duo
433 2099 660 2153 distinguit
690 2112 862 2152 genera,
895 2100 942 2139 ut
972 2098 1249 2161 sophisticam
1278 2098 1445 2150 finibus,
1479 2112 1582 2152 quos
1613 2112 1744 2152 supra

319 2155 559 2210 significavi
599 2155 933 2197 circumscribat.
994 2154 1091 2208 Ipse
1123 2155 1237 2196 0111111
1268 2154 1480 2222 sophistis
1501 2169 1630 2196 unam
1660 2154 1742 2195 vir-

317 2216 453 2253 tutem
492 2211 660 2252 civilem
670 2211 737 2267 ,33)
779 2225 903 2265 quam
943 2211 1136 2252 consulto
1166 2209 1247 2264 τὴν
1279 2208 1515 2264 πολιτικὴν
1545 2211 1742 2264 τέχνην

430 2303 490 2344 32)
516 2301 704 2335 Bertram:
741 2300 892 2334 Platons
924 2299 1145 2334 Alkibiades
1172 2300 1206 2340 Ι,
1245 2299 1478 2350 CharmideS,
1516 2299 1742 2343 Protagoras

319 2347 555 2390 (Naumburg
583 2349 733 2389 1881)p
739 2350 864 2380 .-30
876 2349 930 2380 52.
977 2347 1010 2379 A
1041 2327 1245 2387 nonnullis,
1279 2355 1372 2387 quae
1397 2344 1435 2377 in
1459 2345 1529 2378 hac
1554 2354 1740 2378 commen-

317 2392 461 2426 tatione
491 2391 689 2431 habentur,
710 2357 879 2424 maxime
906 2390 952 2424 ab
978 2390 1022 2424 iis
1047 2401 1143 2432 quae
1170 2390 1215 2424 de
1234 2389 1403 2434 partibus
1422 2389 1649 2439 Protagorae
1677 2389 1741 2424 da-

317 2436 365 2471 tis
390 2448 426 2481 p.
444 2440 488 2471 37
515 2436 553 2470 et
577 2435 659 2469 aliis
677 2417 767 2468 locis
791 2434 1022 2477 iudicantur,
1048 2446 1107 2469 me
1126 2434 1332 2477 dissentire,
1360 2444 1405 2467 ex
1420 2433 1630 2470 rationibus
1648 2444 1741 2476 quas

319 2492 431 2526 supra
447 2481 558 2516 attuli
582 2481 749 2524 apparet
770 2500 812 2504 ——
830 2479 946 2513 Huius
965 2480 1104 2524 dialogi
1122 2461 1408 2524 praestantiam,
1437 2489 1511 2522 qua
1527 2478 1740 2513 adolescen-

318 2528 411 2560 tium
430 2525 563 2561 studiis
582 2525 817 2576 dignissimus
837 2524 895 2566 sit,
922 2524 978 2559 his
996 2525 1119 2559 verbis
1138 2524 1246 2558 effert
1261 2523 1329 2557 Ad.
1349 2523 1627 2566 Westermayer
1643 2523 1742 2558 Zwei

318 2570 400 2615 Kap
403 2571 470 2605 itel
502 2582 567 2605 aus
599 2571 700 2604 einer
725 2569 1042 2614 Sehulerklarung
1073 2569 1106 2607 d
1131 2569 1276 2603 Platon.
1301 2568 1526 2612 Protagoras
1553 2573 1601 2611 (p
1625 2567 1740 2602 34-2A

317 2620 434 2650 -347
449 2618 496 2657 A)
523 2615 602 2649 Nur
604 2615 722 2659 nberg
749 2618 846 2649 1880
879 2625 914 2658 p.
942 2618 1002 2648 10:
1018 2599 1101 2649 DIch
1129 2613 1323 2648 betrachte
1348 2613 1449 2647 diese
1475 2612 1614 2647 Schrift
1637 2612 1741 2647 nicht

317 2660 399 2694 blos
424 2671 486 2694 um
510 2660 611 2694 ihrer
635 2659 933 2694 ksinstlerischen
959 2658 1197 2702 Vollendung
1221 2657 1362 2696 willen,
1395 2658 1557 2692 sondern
1582 2657 1677 2691 auch
1701 2657 1741 2691 in

319 2704 502 2740 sittlicher
518 2704 731 2755 Beziehung
757 2704 810 2739 als
836 2704 896 2738 ein
922 2704 1065 2739 solches
1081 2703 1239 2738 Kleinod
1265 2703 1331 2737 der
1346 2701 1545 2744 Literatur,
1571 2701 1655 2736 dass
1679 2701 1740 2736 ich

318 2749 533 2829 {iebjedem
540 2750 694 2828 tjqug‘en
726 2749 863 2828 Mappe
895 2748 949 2783 als
981 2749 1041 2784 ein
1074 2747 1326 2783 Vademecum
1356 2748 1421 2781 auf
1449 2747 1520 2782 den
1545 2746 1643 2791 Weg
1675 2746 1740 2781 des

350 2805 368 2829 e
398 2805 461 2830 ens
486 2806 537 2829 mi
584 2805 602 2828 e
633 2805 679 2829 en
703 2804 785 2828 moc
832 2804 850 2828 e

431 2841 487 2881 33)
513 2806 607 2874 Plfft.
633 2838 730 2873 Men
755 2851 791 2883 p.
815 2843 855 2872 91
872 2838 935 2872 A.:
961 2837 1103 2874 Μένων
1129 2834 1320 2881 ἐπιθυμεῖ
1341 2834 1483 2881 ταύτης
1507 2834 1575 2880 τῆς
1599 2837 1740 2881 σοφίας
