1939 3214
337 119 419 160 104
915 117 1037 151 PLAT
1046 117 1155 152 onis

290 226 319 259 B
338 221 647 260 κατατείνουσι
677 221 756 260 τοῦ
787 219 944 272 λόγου·
977 220 1281 274 Πρωταγόρας
1312 220 1360 262 δὲ
1391 219 1465 262 ὅδε
1497 221 1646 272 ἱκανὸς
1666 222 1750 277 μὲν

336 285 532 341 μακρούς
563 286 724 339 λόγους
753 286 826 327 καὶ
859 283 1024 335 καλούς
1055 287 1211 340 εἰπεῖν,
1245 285 1303 335 ὠς
1334 286 1442 328 αὐτὸ
1472 289 1614 344 δηλοῖ,
1647 291 1747 332 ἱκα-

337 353 414 403 νὸς
459 354 507 394 δε
553 352 626 394 καὶ
666 352 908 407 ἐρωτηθεὶς
950 351 1284 408 ἀποκρίνασθαι
1329 353 1440 396 κατὰ
1484 355 1627 410 βραχὺ
1674 356 1749 399 καὶ

339 420 544 474 ἐρόμενος
581 422 836 474 περιμειναί
869 435 916 461 τε
948 418 1021 461 καὶ
1051 418 1356 471 ἀποδέξασθαι
1386 420 1467 476 τὴν
1498 421 1747 478 ἀπόκρισιν,

337 483 366 527 ἂ
405 485 570 540 ὀλίγοις
616 487 709 528 ἐστὶ
760 488 1171 541 παρεσκευασμένα.
1239 491 1325 529 νῦν
1375 490 1483 543 οὐν,
1531 491 1563 531 oi
1613 494 1748 545 Πρω-

338 554 526 608 ταγόρα,
560 556 753 607 σμικροῦ
782 569 903 603 τινος
938 554 1094 608 ἐνδεής
1126 556 1213 609 εἰμι
1243 555 1375 597 παντ’
1423 558 1559 611 ἔχειν,
1611 561 1654 599 εἴ
1677 573 1751 612 μοι

338 619 604 674 ἀποκρίναιο
640 620 752 662 τόδε.
812 619 894 675 τὴν
932 620 1096 676 ἀρετήν
1134 622 1220 678 φῂς
1255 622 1468 665 διδακτὸν
1500 621 1635 678 εἶναι,
1679 622 1753 665 καὶ

342 687 450 741 ἐγώ,
502 691 625 743 εἴπερ
676 686 795 744 ἄλλῳ
845 704 904 744 τῳ
955 687 1234 744 ἀνθρώπων,
1286 690 1358 732 καὶ
1407 690 1478 732 σοὶ
1526 693 1754 745 πείθομαι.

453 826 484 856 2.
510 819 621 857 αὐτὸ
650 824 789 868 δηλοῖ
813 834 855 857 ex
881 834 1009 882 apogr.
1026 824 1193 858 Parisino
1221 828 1305 859 1811
1333 825 1545 860 auctoribus
1564 825 1754 879 Stephano

341 868 379 902 et
419 837 705 902 Hemsterhusio
736 868 929 911 (Anecdot.
968 869 1004 902 Γ.
1034 869 1050 902 1
1111 897 1116 903 .
1152 871 1229 912 177)
1273 870 1492 914 repositum:
1536 868 1635 905 αὐτὰ
1673 871 1754 906 ΒΤ.

339 912 482 947 Deinde
513 923 581 956 pro
607 910 897 967 ἀποκρίνασθαι
923 914 1074 949 exhibet
1094 914 1118 946 l
1146 913 1438 969 ἀποκρίνεσθαι.
1487 919 1518 950 8
1548 911 1666 960 ἄλλῳ
1698 929 1754 965 τῳ

340 956 660 1009 ἅνθραὶπωνΤε
684 955 785 1002 ἄλλῳ
800 960 873 992 τῶν
889 956 1164 1002 ἆνθρωπωνΒ.
1214 957 1486 1013 ανθρώπων,
1508 961 1584 994 καὶ
1606 960 1753 1004 scripsi:

339 1002 430 1037 Post
444 971 558 1046 ροῖνθρ
562 1015 671 1036 ωπων
694 996 782 1036 libri
807 1002 949 1037 addunt
973 1004 1188 1047 πειθοίμην
1214 1000 1273 1047 ἂν,
1302 1015 1396 1046 quae
1422 1004 1536 1038 verba
1560 1005 1754 1039 recentior.

342 1046 429 1081 edit.
461 1016 673 1080 Heindorfio
712 1049 861 1081 auctore
900 1058 982 1082 cum
1017 1049 1196 1092 proximis
1235 1049 1464 1100 coniungunt
1501 1050 1539 1082 et
1574 1049 1755 1083 exstincto

340 1093 531 1135 πείθομαι
556 1091 721 1126 scribunt
745 1088 971 1135 ἀνθρώπων,
998 1095 1211 1137 πειθοίμην
1238 1087 1286 1128 αν
1309 1093 1375 1128 καὶ
1403 1095 1476 1136 σοί,
1502 1093 1566 1128 sed
1590 1105 1625 1128 v.
1652 1093 1759 1129 Stud.

342 1105 487 1181 philolu
501 1148 537 1180 p.
562 1139 627 1171 853
642 1148 695 1180 sq.
723 1137 760 1171 et
784 1137 882 1171 infra
906 1140 1030 1172 annot.

342 1248 423 1283 πῶν
442 1246 617 1283 κατενόει
642 1246 786 1303 πολλὴν
809 1251 879 1302 ςῆς
896 1246 1017 1294 χώρας

369 1293 432 1337 ,ἕρ
414 1307 533 1338 ρημον
559 1294 623 1328 καὶ
642 1291 758 1339 ἀργὸν
779 1293 910 1336 οὖσαν,
936 1295 1017 1328 Ari-

343 1338 463 1383 stoph.
481 1338 641 1373 Acharn.
658 1350 691 1373 V.
706 1343 787 1373 350:
815 1338 881 1383 τῆς
907 1341 1017 1383 μαρί-

347 1387 413 1428 λης
439 1381 594 1427 συχνήν.
621 1383 683 1426 aL,
711 1384 775 1418 sed
799 1385 916 1418 multo
942 1385 976 1418 h.
994 1385 1016 1422 1

343 1428 552 1472 languidius
580 1431 635 1462 est
661 1428 887 1464 adiectivum
905 1440 1016 1472 quam

344 1473 615 1508 substantivum
635 1470 798 1524 ὁόλιχος,
824 1474 869 1508 (16
892 1484 964 1517 (1110
982 1486 1016 1509 v

345 1523 431 1553 a'nn.
456 1518 553 1562 adp
528 1530 563 1562 p.
590 1522 655 1553 335
678 1518 719 1556 Ε,
756 1518 875 1553 Simili
905 1519 1016 1563 signi-

345 1562 517 1597 ficatione
534 1563 629 1597 hanc
646 1573 774 1598 vocem
792 1564 916 1620 posuit
931 1565 1016 1619 Epi-

347 1609 484 1642 crates:
512 1604 665 1652 δόλιχον
692 1622 773 1648 τοις
800 1608 922 1644 ἔτεσιν
938 1607 1016 1653 ἤδη

345 1651 487 1697 τρέχει,
527 1653 679 1697 longum
718 1654 818 1688 vitae
855 1655 1018 1698 spatium

347 1698 541 1741 emetitur,
582 1710 614 1734 v.
646 1698 816 1732 Meineke
853 1699 906 1732 III
942 1703 1019 1733 367.

346 1725 633 1787 Longitudinem
651 1743 829 1778 orationis
843 1754 926 1777 cum
940 1755 1019 1778 cur-

347 1799 407 1822 sus
430 1787 621 1822 contendit
639 1787 820 1832 Eupolis'
810 1800 848 1822 in
868 1788 1021 1822 Periclis

349 1832 565 1887 eloquentia
605 1833 863 1868 describenda:
906 1831 1020 1868 ὁπότε

348 1876 540 1933 παρέλθοι
559 1874 596 1912 6'
602 1872 752 1922 ,ὥσπερ
771 1876 917 1930 αγαθοὶ
936 1880 1020 1922 δρο-

349 1925 436 1967 μῆς,
476 1921 516 1957 ἐκ
553 1923 649 1957 δέκα
686 1924 815 1958 ποδῶν
848 1919 930 1969 ᾔρει
963 1923 1020 1959 λέ-

349 1981 577 2056 Kss}h”⁰K{h
579 1964 694 2055 aa?
700 1981 752 2046 αξ(
775 1961 1021 2057 (εἶῖῗὲξὶᾶἓέἒ,

349 2058 393 2091 1113
423 2058 571 2091 centum
602 2057 730 2091 stadiis
762 2057 917 2092 dicendo
943 2069 1019 2092 om-

350 2113 414 2137 nes
440 2102 600 2136 Graecos
625 2103 791 2146 superet,
817 2103 917 2147 apud
941 2103 1021 2136 Ari-

351 2146 573 2191 stophanem
611 2147 713 2187 (nub.
739 2149 818 2190 430)
852 2148 1020 2204 exoptat3

351 2192 397 2226 cf.
431 2202 508 2226 ran.
535 2196 577 2227 91
611 2189 826 2236 Εὐριπίδου
857 2195 978 2228 πλεῖν
998 2192 1020 2237 ἣ

351 2238 494 2283 σταδίῳ
513 2238 715 2280 λαλίστερα
731 2234 1023 2281 (μειρακύλλια).

352 2273 480 2323 Quint}
501 2282 618 2319 Instit
645 2282 706 2317 Or.
730 2282 779 2316 XI
805 2287 841 2317 3.
874 2282 1024 2317 Flavius

351 2326 499 2370 Virgini
502 2338 542 2360 us
572 2327 818 2370 interrogavit
850 2327 895 2362 de
933 2339 1024 2371 quo-

352 2372 438 2406 dam
453 2382 518 2405 suo
532 2372 787 2416 antisophista‚
803 2374 895 2414 quot
910 2373 1027 2407 millia

355 2427 532 2470 passuum
557 2417 809 2451 declamasset.

398 2465 430 2498 2.
458 2458 511 2501 ὡς
543 2459 653 2496 αὐτὸ
688 2463 711 2496 6
721 2463 846 2506 ηλοῑ]
879 2463 927 2495 1115
957 2474 1028 2497 165

353 2506 453 2559 ipsa
478 2506 622 2541 docet.
653 2475 843 2559 Frequens
869 2507 1030 2541 formula

355 2548 450 2586 αὐτὸ
483 2552 610 2595 δηλοι,
641 2564 689 2586 ατ
679 2547 735 2586 'vro
768 2552 899 2594 δείξει,
933 2549 1026 2587 αὐτὸ

355 2597 545 2674 σημαίνειί,
579 2578 651 2674 S’elzd
667 2596 864 2630 inusitatus
889 2598 946 2631 est
961 2608 1028 2630 1111

355 2651 477 2675 merus
501 2653 525 2685 p
543 2652 608 2675 ura
624 2653 654 2675 1s
681 2637 790 2676 αὐτα.

401 2689 432 2718 6.
451 2697 584 2730 σμικρ
566 2699 646 2728 ου
664 2699 789 2725 τινος
809 2683 900 2721 &²116-
920 2685 1024 2731 είμ.]

355 2729 611 2774 paullulum
629 2730 737 2773 quid
755 2730 957 2774 requiro,
978 2734 1027 2765 ut

358 2775 508 2808 omnia
532 2775 740 2818 habeam,
771 2775 808 2810 si
840 2776 947 2809 mihi
973 2776 1027 2810 ad

358 2819 440 2854 hoc
480 2821 772 2864 respondeas.
829 2820 1025 2865 Optativus

1087 1252 1172 1294 post
1195 1250 1438 1285 indicativum
1462 1250 1555 1286 κατὸ
1581 1248 1623 1286 τὸ
1650 1250 1757 1286 νοού-

1087 1308 1202 1351 μενον
1234 1296 1408 1330 infertur:
1441 1306 1527 1330 narn
1556 1296 1760 1339 111166εσμ.

1087 1354 1117 1374 τ.
1144 1337 1220 1375 5'26.
1250 1340 1352 1383 εἰμι,
1380 1340 1456 1375 fere
1487 1341 1586 1375 idem
1607 1341 1756 1397 signifi-

1087 1386 1173 1419 cant
1203 1387 1321 1428 (111οᾱ2
1353 1387 1426 1421 νῦν
1459 1385 1528 1420 οὐν
1560 1384 1678 1421 πάντ’
1710 1399 1759 1420 αν

1086 1429 1227 1487 ἐ’.χοιμι
1246 1429 1376 1466 Stallb

1131 1479 1161 1509 8.
1189 1475 1320 1518 εἰπερ
1346 1472 1466 1519 ἄλλο)
1491 1488 1546 1520 τῳ
1574 1473 1695 1519 dvm>
1706 1490 1760 1510 ω·

1086 1532 1194 1561 πων,
1251 1521 1326 1554 καὶ
1375 1513 1455 1554 'ool
1476 1490 1757 1574 πείθομραι]

1086 1547 1219 1599 Verbis
1230 1566 1443 1619 πειθοίμην
1460 1562 1629 1608 ἄν,(1116.6
1645 1566 1756 1609 vulgo

1087 1611 1173 1652 post
1217 1607 1319 1654 ανθρ
1325 1623 1434 1644 ωπων
1472 1610 1674 1653 adduntur,
1715 1610 1758 1643 li-

1088 1654 1234 1688 brarius
1271 1624 1423 1697 quidam
1461 1655 1607 1705 ellipsin
1642 1657 1760 1699 prope

1090 1700 1321 1733 constantem
1334 1710 1466 1743 parum
1481 1700 1572 1733 scite
1587 1700 1761 1743 supplere

1089 1745 1243 1778 conatus
1270 1745 1336 1778 est.
1368 1745 1470 1778 Infra
1492 1756 1529 1788 p.
1543 1745 1670 1779 352D:
1696 1746 1761 1796 καὶ

1091 1800 1188 1845 αμα,
1228 1790 1332 1844 εἴπερ
1364 1803 1413 1833 τῳ
1446 1785 1565 1834 ἄλλω,
1604 1788 1761 1834 αἰσχρόν

1090 1831 1168 1869 ἐστι
1193 1835 1259 1868 καὶ
1284 1830 1379 1887 ἐμοί.
1411 1834 1456 1868 de
1481 1827 1553 1888 leg.
1578 1846 1614 1879 p.
1635 1835 1762 1868 667A:

1089 1878 1284 1923 προσέχων
1310 1877 1431 1923 τούτῳ
1462 1877 1529 1914 τὸν
1560 1881 1653 1913 νοῦν
1687 1881 1731 1923 ὃρ
1735 1881 1763 1913 (5

1090 1925 1220 1966 τοῦτο,
1256 1926 1383 1980 ειπερ,
1410 1916 1485 1957 ubi
1516 1924 1561 1958 de
1598 1924 1762 1968 elliptico

1090 1980 1158 2002 usu
1198 1978 1275 2002 voc.
1318 1970 1423 2010 εἴπερ
1470 1980 1501 2005 v
1543 1967 1761 2002 Stallbaum.

1091 2013 1327 2047 Heindorfius
1345 2014 1482 2055 autem,
1510 2024 1624 2055 quum
1641 2024 1764 2057 gram-

1091 2058 1250 2092 maticae
1281 2058 1508 2100 consuleret,
1541 2057 1764 2092 sententiam

1091 2113 1242 2146 prorsus
1267 2103 1421 2144 evertit,
1456 2103 1498 2136 ut
1522 2102 1599 2136 eius
1624 2103 1765 2137 coniec-

1091 2151 1216 2181 turam
1239 2148 1429 2191 plerisque
1455 2146 1658 2182 editoribus
1680 2157 1764 2192 pro-

1092 2193 1220 2226 batam
1247 2203 1326 2227 esse
1351 2192 1430 2226 iure
1448 2192 1601 2227 mireris.
1634 2191 1764 2227 Socra-

1093 2239 1150 2272 tes
1185 2237 1295 2271 modo
1331 2237 1375 2271 iis
1413 2237 1634 2279 rationibus,
1673 2247 1764 2279 quas

1094 2282 1319 2326 Protagoras
1343 2282 1570 2327 protulisset,
1595 2281 1664 2315 sibi
1681 2292 1764 2326 per-

1096 2338 1245 2361 suasum
1282 2338 1359 2361 esse
1391 2327 1552 2368 dixerat,
1592 2326 1765 2380 virtutem

1097 2372 1221 2407 doceri
1242 2382 1361 2426 posse,
1384 2384 1416 2406 v.
1430 2383 1467 2415 p.
1481 2371 1600 2405 328E:
1626 2368 1765 2415 ἡγου-

1097 2431 1186 2473 μην
1240 2430 1308 2452 ουκ
1364 2416 1463 2450 εἶναι
1512 2414 1768 2468 ανθρωπίνην

1099 2460 1334 2506 ἐπιμέλειαν,
1358 2461 1380 2505 ᾗ
1400 2474 1433 2495 οι
1453 2458 1600 2516 ἀγαθοὶ
1620 2457 1766 2506 αγαθοὶ

1098 2508 1305 2551 γίγνονται,
1324 2508 1407 2541 νῦν
1432 2503 1478 2540 δὲ
1497 2504 1765 2556 πέπεισμαι..

1098 2551 1204 2586 Hanc
1230 2551 1385 2586 eandem
1410 2550 1632 2585 sententiam
1657 2561 1767 2592 nunc,

1096 2598 1296 2641 postquam
1329 2595 1419 2638 quid
1451 2595 1550 2630 inter
1580 2597 1767 2629 oratorem

1098 2643 1135 2675 et
1160 2640 1394 2674 dialecticum
1425 2639 1622 2674 interesset
1654 2650 1766 2683 expo-

1097 2686 1182 2728 suit,
1208 2685 1289 2719 aliis
1314 2685 1437 2719 verbis
1464 2685 1648 2735 exprimit.
1689 2684 1767 2718 Nec

1096 2741 1183 2765 vero
1224 2729 1393 2765 Socrates
1417 2730 1454 2764 in
1478 2730 1654 2774 proximis
1688 2740 1768 2763 rem

1095 2776 1224 2820 ipsam,
1252 2785 1363 2818 quam
1390 2774 1576 2816 concessit,
1600 2774 1638 2808 in
1663 2774 1767 2808 dubi-

1094 2820 1273 2854 tationem
1292 2822 1412 2863 vocat,
1428 2820 1503 2854 imo
1522 2830 1665 2854 summa
1682 2829 1762 2853 con-
