1939 3214
322 133 401 176 136

902 134 1141 170 PLATONIS

320 233 392 275 καὶ
431 234 620 287 παλαιά,
659 232 757 289 ἤτοι
795 232 881 276 ἀπὸ
914 235 1175 290 Σιμωνίδου
1207 234 1452 291 ἄρξαμένη,
1494 234 1523 291 ἢ
1560 238 1635 280 καὶ
1675 239 1739 279 ἔτι

319 302 600 355 παλαιοτέρα.

661 298 717 342 σὺ
755 301 803 343 δὲ
843 300 994 343 ἄλλων
1033 304 1213 344 πολλῶν
1245 304 1452 356 ἔμπειρος
1483 300 1546 345 α’)’ν
1575 304 1739 360 ταύτης

321 367 505 422 ἄπειρος
545 364 659 410 εἶναι
701 370 872 422 φαίνει,
917 366 999 423 οὐχ
1039 368 1188 425 ὥσπερ
1229 368 1314 422 ἐγω
1349 371 1554 424 ἔμπειρος
1583 370 1656 414 δια
1686 371 1735 414 τὸ

319 433 522 489 μαθητής
543 431 657 476 εἶναι
678 436 912 490 Προδίκου
941 437 1137 477 τουτουί.
1184 435 1257 478 καὶ
1288 439 1375 478 νῦν
1404 452 1479 491 μοι
1510 439 1655 488 δοκεῖς
1683 436 1738 481 οὐ

320 502 595 556 μανθάνειν,
642 500 708 542 ὅτι
746 503 819 544 καὶ
858 500 907 543 τὸ
944 501 1140 556 χαλεπὸν
1178 506 1310 546 τοῦτο
1350 507 1455 554 ἰσως
1492 503 1574 559 οὐχ
1621 504 1736 548 οὕτω
1766 520 1792 546 5

321 569 577 623 Σιμωνίδης
607 566 942 623 ὑπελάμβανεν,
973 567 1125 624 ὥσπερ
1156 568 1213 611 σύ
1243 567 1594 627 ὑπολαμβανεις,
1633 571 1734 614 ἀλλ’

321 634 469 689 ὥσπερ
511 636 609 688 περὶ
653 637 735 677 τοῦ
779 636 931 678 δεινοῦ
973 636 1201 689 Πρόδικός
1244 653 1298 691 με
1335 635 1484 680 οὑτοσὶ
1531 643 1743 682 νουθετεῖ

260 695 263 697 ’
321 701 551 755 ἑκάστοτε,
590 701 701 745 ὅταν
739 702 939 745 ἐπαινῶν
977 703 1063 758 ἐγώ
1101 700 1130 758 ἢ
1161 704 1209 746 σὲ
1240 704 1269 759 ἦ
1300 703 1439 747 ἄλλον
1468 705 1569 748 τινὰ
1607 707 1738 761 λέγω,

324 768 389 811 ὅτι
419 769 724 826 Πρωταγόρας
762 769 902 825 σοφὸς
939 771 1014 813 καὶ
1052 771 1200 822 δεινός
1241 772 1364 814 ἐστιν
1402 771 1533 829 ἀνήρ,
1577 774 1737 830 ἐρωτᾷ,

324 837 363 878 εἰ
399 834 481 878 οὐκ
519 837 784 892 αἰσχύνομαι
822 836 998 891 τάγαθὰ
1028 838 1151 880 δεινὰ
1183 841 1335 881 καλῶν
1365 866 1419 871 —
1450 839 1498 883 τὸ
1528 839 1613 896 γὰρ
1644 842 1735 883 δει-
1761 854 1797 879 10-

324 902 428 958 νόν,
475 906 608 959 φησί,
655 905 798 946 κακόν
836 904 976 948 ἐστιν·
1021 903 1168 956 οὐδεὶς
1205 909 1320 960 γοῦν
1359 909 1476 962 λέγει
1515 908 1739 963 ἑκάστοτε,

325 1038 534 1094 congruunt
557 1039 728 1082 proxima
752 1035 774 1082 ἢ

325 1083 390 1117 καὶ
428 1080 468 1118 ἐκ
505 1083 760 1127 παλαιοτέρου
797 1084 966 1128 (sophist.

802 1039 865 1074 καὶ
892 1038 946 1074 ἔτι
975 1040 1221 1083 παλαιοτέρα,
1246 1050 1314 1085 pro
1342 1039 1476 1084 quibus
1499 1042 1693 1086 exspectes
1717 1036 1740 1085 ἢ

998 1096 1034 1129 p.
1067 1088 1132 1119 242
1158 1085 1208 1128 D,
1246 1086 1396 1122 Lachet
1422 1098 1457 1130 p
1490 1090 1552 1122 186
1578 1087 1640 1130 Β),
1677 1087 1741 1121 sed

323 1128 458 1162 omisso
490 1128 555 1162 καὶ
585 1128 694 1163 facile
730 1128 809 1163 fieri
838 1130 981 1173 potuit,
1019 1130 1061 1163 ut
1091 1132 1239 1164 παλαια
1269 1131 1308 1165 111
1338 1128 1459 1166 παλαι
1481 1141 1746 1187 corrumpere·

321 1174 399 1215 tur;
439 1172 476 1207 id
509 1172 647 1207 factum
685 1175 741 1208 est
766 1173 902 1218 Cratyl.
927 1185 963 1218 p.
990 1178 1055 1209 402
1080 1175 1112 1208 Α
1142 1175 1180 1209 in
1205 1176 1328 1211 verbis
1352 1174 1491 1211 παλαί’
1519 1173 1615 1211 ἅττα
1640 1172 1743 1221 σοφοὶ

327 1216 500 1262 λέγοντα.

370 1345 400 1375 1.
436 1338 539 1384 ἤτοι
576 1338 661 1375 ἀπὸ
701 1344 802 1386 Σιμ.
829 1342 889 1392 -]
927 1342 998 1377 Re-

323 1384 433 1430 spicit
470 1386 516 1420 ad
548 1397 583 1430 p.
618 1389 682 1421 316
707 1386 752 1428 D,
792 1386 855 1420 ubi
893 1387 999 1421 Prot-

323 1440 455 1475 agoras
480 1430 627 1465 dixerat
644 1431 896 1476 sophisticen
886 1443 960 1466 iam
979 1443 1000 1465 a

324 1475 529 1518 Simonide,
567 1475 746 1518 Homero,
790 1476 871 1510 aliis
921 1487 999 1511 esse

323 1502 545 1555 factitatarri.
616 1521 748 1563 Itaque
799 1521 1000 1565 εἰρωνικῶς

325 1565 439 1600 etiam
470 1564 617 1600 Prodici
647 1568 765 1600 artem
802 1566 999 1600 verborum

324 1610 538 1660 discrimina
551 1610 755 1654 indagandi
769 1610 815 1645 ad
829 1611 999 1645 remotis-

325 1655 418 1690 sima
436 1655 503 1688 illa
527 1655 701 1698 tempora
720 1656 844 1693 refert
869 1655 998 1690 Stazzb.

371 1721 401 1754 3,
434 1713 515 1760 οὐχ
549 1709 698 1759 ὧσπερ
731 1714 815 1762 ἐγὼ
843 1730 997 1762 εμπει-

325 1762 415 1816 ρῗος]
442 1761 514 1817 int,
537 1760 618 1813 εἰμί
639 1762 681 1795 ut
704 1761 784 1806 Lys.
811 1772 861 1796 or.
887 1766 1000 1804 21,1ο

326 1820 380 1840 ων
413 1805 466 1846 εἷς
498 1803 580 1851 ἐγώ.
629 1805 722 1850 Ego
747 1817 853 1841 vero
879 1805 999 1850 peri-

324 1852 398 1886 tus
431 1862 539 1893 sum,
574 1861 710 1893 quum
736 1850 869 1885 huius
894 1851 999 1885 Pro·

325 1895 416 1930 (1161
441 1895 603 1929 fuerim
631 1895 897 1940 discipulus.
931 1893 1000 1940 οὐχ

326 1952 450 1983 ωσπερ
474 1939 513 1974 111
538 1939 675 1975 talibus
701 1941 1002 1984 breviloquentia

326 1986 489 2029 quadam
506 1984 595 2029 poni
612 1985 694 2020 loco
712 1985 919 2028 particulae
937 1986 1000 2019 ad-

325 2030 550 2073 versativae,
589 2029 627 2063 id
661 2029 784 2069 docte,
823 2031 865 2063 ut
894 2030 999 2072 solet,

327 2074 598 2109 demonstravit
621 2074 858 2108 Heindorfius
891 2075 929 2109 et
953 2057 1000 2107 aci

325 2119 360 2155 h
380 2119 404 2152 1
427 2119 464 2153 et
485 2119 532 2152 ad
555 2118 665 2173 Gorg
687 2130 723 2162 p
750 2119 878 2154 522A:
912 2118 1002 2159 τοὺς

324 2161 536 2203 νεωτάτους
543 2161 654 2220 ὑμῶν
671 2165 908 2219 διαφθείρει
914 2163 1000 2207 τέμ-

325 2221 398 2243 νων
424 2220 463 2243 τε
489 2208 553 2243 καὶ
587 2207 690 2243 κάων
713 2235 719 2242 .
742 2236 749 2243 .
775 2221 844 2253 ουχ
867 2205 1001 2266 ὧσπερ

325 2250 396 2297 ἐγώ
429 2252 550 2287 πολλοὶ
582 2267 647 2287 και
678 2250 778 2306 ἡδέα
813 2253 878 2288 καὶ
903 2267 1000 2288 ποιν-

326 2295 477 2332 τοδαπὰ
497 2295 666 2342 εὐώχουν
686 2294 797 2341 υμᾶς,
824 2310 857 2332 v.
876 2297 1001 2342 Symp.

328 2346 389 2377 179
415 2342 455 2376 E.
505 2342 651 2377 Ρ1ο(1161
683 2344 807 2377 autem
841 2343 999 2388 discipu-

325 2387 400 2421 lum
428 2386 599 2421 Socrates
617 2388 731 2421 etiam
750 2388 840 2421 alibi
858 2398 895 2421 se
916 2399 999 2432 pro-

324 2432 461 2475 fitetur,
488 2433 530 2465 ut
555 2432 650 2466 Men
675 2443 710 2476 p
734 2431 833 2467 961).
861 2431 973 2477 Craty
976 2433 1000 2470 1

324 2489 361 2521 p.
389 2480 454 2512 384
481 2477 518 2511 C.
546 2476 729 2511 Charmid
756 2489 791 2521 p
820 2477 944 2512 1631).

371 2543 401 2573 5.
452 2534 523 2573 ὅτι
572 2538 649 2573 καὶ
699 2535 745 2573 τὸ
795 2538 1002 2583 χαλεπὸν

325 2583 474 2637 τοῦτο]
517 2583 641 2617 istud
677 2583 861 2618 verbum
893 2587 1001 2628 χαλε-

324 2627 409 2662 πόν.

372 2687 403 2717 8.
429 2679 539 2717 ὅταν
567 2681 1003 2736 ἐπαινῶν-ἒρωτᾶ,

328 2727 370 2763 εἰ
411 2725 491 2763 οὐκ
532 2725 835 2779 αἰσχύνομαι]
880 2712 1003 2764 Confi-⁷

326 2774 418 2807 nent
453 2772 545 2807 haec
576 2774 693 2808 verba
724 2773 1002 2824 interpretatio-

327 2828 411 2852 nem
429 2817 754 2861 praecedentium:
774 2813 896 2862 ω’σπερ
914 2820 1001 2863 περὶ

1068 1344 1134 1379 τοῦ
1150 1345 1281 1378 δεινοῦ
1296 1363 1336 1368 -
1351 1346 1535 1379 νουθετεῖ
1551 1340 1743 1387 ἑκάστοτε,

1067 1388 1229 1443 ideoque
1265 1389 1310 1423 (16
1346 1398 1448 1424 more
1490 1389 1620 1424 addita
1659 1390 1747 1423 sunt

1070 1429 1297 1473 ἆσυνδέτως.
1331 1433 1549 1468 Germanice
1573 1434 1666 1469 haec
1690 1433 1746 1468 ita

1069 1479 1221 1513 reddas:
1242 1478 1448 1513 Sondern
1473 1489 1518 1513 so
1536 1479 1618 1513 wie
1636 1479 1744 1513 Pro-

1071 1523 1203 1557 dikus
1243 1523 1359 1557 mich
1398 1523 1556 1557 immer
1603 1523 1746 1557 schilt

1070 1578 1227 1612 wegen
1283 1568 1360 1602 des
1407 1568 1745 1611 Furchtbaren,

1067 1613 1263 1647 wibmlich
1281 1623 1408 1647 wenn
1425 1613 1497 1647 1611
1516 1613 1619 1647 (11611
1637 1613 1748 1648 oder

1070 1657 1203 1692 einen
1222 1657 1422 1692 anderen
1441 1658 1609 1692 lobend
1627 1660 1744 1702 sage',

1070 1702 1382 1752 „Protagoras
1414 1703 1476 1736 ist
1507 1703 1626 1741 (10611
1663 1713 1747 1747 gar

1070 1746 1144 1781 ein
1169 1747 1328 1782 weiser
1346 1747 1433 1781 und
1450 1747 1748 1783 furchtbarer

1069 1791 1220 1826 Mann‘
1227 1793 1256 1835 ‘‚
1282 1791 1364 1826 wie
1391 1803 1435 1826 er
1460 1792 1578 1827 dann
1602 1792 1745 1837 fragt‚

1070 1837 1122 1871 ob
1149 1836 1221 1870 ich
1246 1837 1314 1873 etc
1340 1837 1468 1889 Scallb.

1115 1886 1146 1916 9.
1180 1884 1320 1937 Πρωτ.
1354 1880 1496 1925 σοφός
1535 1882 1611 1917 καὶ.
1650 1883 1744 1917 δει-

1070 1923 1148 1966 νός
1180 1924 1323 1975 ἐστιν]
1352 1926 1549 1970 Proprium
1589 1927 1703 1960 1106
1689 1937 1744 1961 so-

1069 1971 1202 2015 phistis
1233 1970 1347 2004 fuisse
1378 1981 1514 2005 nornen
1544 1970 1652 2005 multi
1675 1971 1747 2006 loci

1069 2016 1268 2052 testantur
1332 2016 1464 2058 Itaque
1512 2015 1635 2050 δεινοὶ
1681 2016 1746 2051 καὶ

1071 2061 1187 2138 ῗοῂφοί
1199 2060 1613 2140 ΐρα551ἒ411ὂ1811111111ξὲ
1637 2061 1749 2139 Ξ6111111

1131 2115 1195 2139 eae
1217 2131 1224 2138 .
1267 2116 1291 2138 1.
1445 2134 1451 2140 .
1514 2133 1520 2139 .
1595 2115 1601 2120 ·
1700 2116 1722 2140 a
1741 2134 1749 2140 .

1071 2149 1125 2183 Ex
1145 2160 1217 2192 quo
1237 2116 1396 2194 alpparet
1413 2117 1508 2184 haeii
1524 2161 1606 2184 cum
1624 2151 1754 2186 faceta-

1070 2194 1237 2228 irrisione
1263 2195 1364 2228 dicta
1389 2205 1478 2231 6556
1504 2194 1632 2229 Stallb

1118 2244 1170 2272 ll.
1212 2239 1337 2283 λέγει
1381 2235 1615 2292 ἑκάστοτε]
1655 2251 1751 2283 quo-

1071 2284 1288 2326 tiescunque
1306 2284 1360 2317 ita
1376 2284 1450 2319 fert
1467 2285 1628 2327 occasio;
1655 2295 1748 2327 quo

1070 2328 1141 2363 ties
1165 2328 1298 2362 harum
1324 2339 1446 2363 rerum
1470 2328 1611 2363 mentio
1637 2329 1747 2363 fit.—

1071 2374 1201 2408 δεινοῦ
1227 2372 1395 2408 πλούτου
1418 2374 1605 2417 genitivus
1630 2374 1752 2409 excla-

1070 2418 1259 2461 mationis,
1292 2420 1334 2452 ut
1365 2418 1410 2452 de
1440 2429 1518 2462 rep
1550 2430 1584 2463 p.
1613 2422 1677 2454 509
1704 2419 1749 2454 C:

1064 2445 1259 2505 Ἄπολλον,
1287 2464 1514 2506 δαιμονίας
1505 2460 1746 2516 υπερβολῆς.

1071 2507 1233 2551 Euthyd.
1257 2518 1292 2561 p.
1318 2512 1382 2542 303
1407 2508 1456 2542 Α,
1490 2507 1517 2541 ὠ
1542 2508 1746 2551 Πόσειδον,

1074 2554 1213 2587 δεινῶν
1237 2551 1366 2596 λόγων.
1395 2553 1581 2606 Aristoph.
1600 2553 1686 2588 nub.
1712 2565 1746 2589 v.

1073 2600 1155 2632 818:
1189 2598 1254 2649 τῆς
1286 2598 1428 2641 μωρίας
1449 2595 1501 2632 τὸ
1535 2599 1612 2632 Δια
1642 2599 1748 2641 νομί-

1073 2644 1162 2684 ζειν,
1187 2638 1279 2676 ὄντα
1305 2644 1556 2686 τηλικουτονί,
1592 2642 1749 2677 Ponitur

1072 2687 1131 2720 hic
1173 2685 1360 2741 genitivus
1408 2687 1627 2730 plerumque
1668 2687 1748 2722 sine

1074 2732 1160 2774 φεῦ,
1190 2728 1219 2764 ὠ
1241 2730 1398 2766 similive
1426 2732 1659 2766 exclamandi
1683 2742 1748 2767 vo

1072 2776 1172 2817 cula,
1203 2786 1271 2809 nec
1305 2775 1480 2811 articulus
1506 2776 1655 2811 additur
1678 2777 1747 2812 nisi

1071 2802 1228 2864 simplici
1254 2820 1496 2857 substantivo.
