<?xml version="1.0" encoding="UTF-8"?>
<!DOCTYPE html PUBLIC "-//W3C//DTD XHTML 1.0 Transitional//EN"
    "http://www.w3.org/TR/xhtml1/DTD/xhtml1-transitional.dtd">
<html xmlns="http://www.w3.org/1999/xhtml" xml:lang="en" lang="en">
 <head>
  <title>
</title>
<meta http-equiv="Content-Type" content="text/html;charset=utf-8" />
  <meta name='ocr-system' content='tesseract 3.04.00' />
  <meta name='ocr-capabilities' content='ocr_page ocr_carea ocr_par ocr_line ocrx_word'/>
</head>
<body>
  <div class='ocr_page' id='page_1' title='image "./protagorascumpro00platuoft/protagorascumpro00platuoft_0135.png"; bbox 0 0 1907 3230; ppageno 0'>
   <div class='ocr_carea' id='block_1_1' title="bbox 566 180 1152 219">
    <p class='ocr_par' dir='ltr' id='par_1_1' title="bbox 566 180 1152 219">
     <span class='ocr_line' id='line_1_1' title="bbox 566 180 1152 219; baseline 0.002 -4"><span class='ocrx_word' id='word_1_1' title='bbox 566 180 904 219; x_wconf 84' lang='lat' dir='ltr'>PROTAGORAS.</span> <span class='ocrx_word' id='word_1_2' title='bbox 930 182 968 216; x_wconf 89' lang='lat' dir='ltr'><strong>P.</strong></span> <span class='ocrx_word' id='word_1_3' title='bbox 995 186 1060 218; x_wconf 83' lang='lat'><strong>337</strong></span> <span class='ocrx_word' id='word_1_4' title='bbox 1087 182 1152 217; x_wconf 81' lang='lat' dir='ltr'><strong>ST.</strong></span> 
     </span>
    </p>
   </div>
   <div class='ocr_carea' id='block_1_2' title="bbox 1498 186 1577 228">
    <p class='ocr_par' dir='ltr' id='par_1_2' title="bbox 1498 186 1577 228">
     <span class='ocr_line' id='line_1_2' title="bbox 1498 186 1577 228; baseline 0.025 -2"><span class='ocrx_word' id='word_1_5' title='bbox 1498 186 1577 228; x_wconf 82' lang='lat'><strong>123</strong></span> 
     </span>
    </p>
   </div>
   <div class='ocr_carea' id='block_1_3' title="bbox 113 278 1629 607">
    <p class='ocr_par' dir='ltr' id='par_1_3' title="bbox 93 278 1629 538">
     <span class='ocr_line' id='line_1_3' title="bbox 116 278 1579 339; baseline 0.005 -19"><span class='ocrx_word' id='word_1_6' title='bbox 116 299 118 301; x_wconf 52' lang='lat'>&gt;</span> <span class='ocrx_word' id='word_1_7' title='bbox 158 280 200 321; x_wconf 85' lang='grc' dir='ltr'><em>εἰ</em></span> <span class='ocrx_word' id='word_1_8' title='bbox 226 279 275 321; x_wconf 83' lang='grc' dir='ltr'><em>δὲ</em></span> <span class='ocrx_word' id='word_1_9' title='bbox 305 278 612 334; x_wconf 87' lang='grc' dir='ltr'><em>ἀντιποιεῖται,</em></span> <span class='ocrx_word' id='word_1_10' title='bbox 645 282 919 334; x_wconf 77' lang='grc' dir='ltr'><em>διαλεγέσθω</em></span> <span class='ocrx_word' id='word_1_11' title='bbox 952 283 1133 336; x_wconf 78' lang='grc' dir='ltr'><em>ἐρωτῶν</em></span> <span class='ocrx_word' id='word_1_12' title='bbox 1162 298 1209 324; x_wconf 88' lang='grc' dir='ltr'><em>τε</em></span> <span class='ocrx_word' id='word_1_13' title='bbox 1240 283 1314 325; x_wconf 87' lang='grc' dir='ltr'><em>καὶ</em></span> <span class='ocrx_word' id='word_1_14' title='bbox 1334 282 1579 339; x_wconf 87' lang='grc' dir='ltr'><em>ἀποκρινό-</em></span> 
     </span>
     <span class='ocr_line' id='line_1_4' title="bbox 155 345 1576 406; baseline 0.004 -18"><span class='ocrx_word' id='word_1_15' title='bbox 155 361 304 401; x_wconf 83' lang='grc' dir='ltr'><strong><em>μενος,</em></strong></span> <span class='ocrx_word' id='word_1_16' title='bbox 336 345 394 401; x_wconf 80' lang='grc' dir='ltr'><strong>μὴ</strong></span> <span class='ocrx_word' id='word_1_17' title='bbox 428 347 500 402; x_wconf 83' lang='grc' dir='ltr'><strong>ἐφ’</strong></span> <span class='ocrx_word' id='word_1_18' title='bbox 534 347 697 403; x_wconf 82' lang='grc' dir='ltr'><em>ἑκάστῃ</em></span> <span class='ocrx_word' id='word_1_19' title='bbox 721 349 935 403; x_wconf 81' lang='grc' dir='ltr'><em>ἐρωτήσει</em></span> <span class='ocrx_word' id='word_1_20' title='bbox 955 348 1130 403; x_wconf 86' lang='grc' dir='ltr'><em>μακρὸν</em></span> <span class='ocrx_word' id='word_1_21' title='bbox 1152 350 1289 403; x_wconf 91' lang='grc' dir='ltr'><em>λόγον</em></span> <span class='ocrx_word' id='word_1_22' title='bbox 1311 348 1576 406; x_wconf 88' lang='grc' dir='ltr'><em>ἀποτείνων,</em></span> 
     </span>
     <span class='ocr_line' id='line_1_5' title="bbox 155 413 1576 473; baseline 0.004 -17.749"><span class='ocrx_word' id='word_1_23' title='bbox 93 413 386 467; x_wconf 80' lang='grc' dir='ltr'><em>ἐκκρούων</em></span> <span class='ocrx_word' id='word_1_24' title='bbox 425 413 530 464; x_wconf 79' lang='grc' dir='ltr'><em>τούς</em></span> <span class='ocrx_word' id='word_1_25' title='bbox 567 415 729 468; x_wconf 92' lang='grc' dir='ltr'><em>λόγους</em></span> <span class='ocrx_word' id='word_1_26' title='bbox 766 417 840 456; x_wconf 84' lang='grc' dir='ltr'><em>καὶ</em></span> <span class='ocrx_word' id='word_1_27' title='bbox 881 413 965 457; x_wconf 84' lang='grc' dir='ltr'><strong>οὐκ</strong></span> <span class='ocrx_word' id='word_1_28' title='bbox 1005 416 1176 458; x_wconf 80' lang='grc' dir='ltr'><em>ἐθέλων</em></span> <span class='ocrx_word' id='word_1_29' title='bbox 1216 418 1394 460; x_wconf 80' lang='grc' dir='ltr'><em>διδόναι</em></span> <span class='ocrx_word' id='word_1_30' title='bbox 1425 419 1576 473; x_wconf 91' lang='grc' dir='ltr'><em>λόγον,</em></span> 
     </span>
     <span class='ocr_line' id='line_1_6' title="bbox 156 478 1629 538; baseline 0.003 -15"><span class='ocrx_word' id='word_1_31' title='bbox 156 479 259 523; x_wconf 87' lang='grc' dir='ltr'><em>ἀλλ’</em></span> <span class='ocrx_word' id='word_1_32' title='bbox 306 480 634 536; x_wconf 85' lang='grc' dir='ltr'><em>ἀπομηκύνων,</em></span> <span class='ocrx_word' id='word_1_33' title='bbox 681 481 762 531; x_wconf 79' lang='grc' dir='ltr'><strong>ἕως</strong></span> <span class='ocrx_word' id='word_1_34' title='bbox 799 478 857 524; x_wconf 69' lang='grc' dir='ltr'><strong>ἂν</strong></span> <span class='ocrx_word' id='word_1_35' title='bbox 898 481 1205 526; x_wconf 73' lang='grc' dir='ltr'><em>ἐπιλάθωνται</em></span> <span class='ocrx_word' id='word_1_36' title='bbox 1243 484 1346 538; x_wconf 83' lang='grc' dir='ltr'><em>περὶ</em></span> <span class='ocrx_word' id='word_1_37' title='bbox 1382 482 1487 527; x_wconf 82' lang='grc' dir='ltr'><em>ὅτου</em></span> <span class='ocrx_word' id='word_1_38' title='bbox 1524 485 1571 527; x_wconf 89' lang='grc' dir='ltr'><strong>τὸ</strong></span> <span class='ocrx_word' id='word_1_39' title='bbox 1598 492 1629 526; x_wconf 88' lang='lat' dir='ltr'>D</span> 
     </span>
    </p>

    <p class='ocr_par' dir='ltr' id='par_1_4' title="bbox 113 542 1576 607">
     <span class='ocr_line' id='line_1_7' title="bbox 113 542 1576 607; baseline 0.001 -15"><span class='ocrx_word' id='word_1_40' title='bbox 113 567 131 592; x_wconf 89' lang='lat'>5</span> <span class='ocrx_word' id='word_1_41' title='bbox 157 548 365 604; x_wconf 74' lang='grc' dir='ltr'><em>ἐρώτημα</em></span> <span class='ocrx_word' id='word_1_42' title='bbox 402 542 458 603; x_wconf 80' lang='grc' dir='ltr'><strong>ἦν</strong></span> <span class='ocrx_word' id='word_1_43' title='bbox 494 549 540 590; x_wconf 78' lang='lat' dir='ltr'><strong>oc</strong></span> <span class='ocrx_word' id='word_1_44' title='bbox 574 548 732 590; x_wconf 84' lang='grc' dir='ltr'><em>πολλοὶ</em></span> <span class='ocrx_word' id='word_1_45' title='bbox 771 551 861 590; x_wconf 80' lang='grc' dir='ltr'><strong>τῶν</strong></span> <span class='ocrx_word' id='word_1_46' title='bbox 899 548 1179 593; x_wconf 73' lang='grc' dir='ltr'><em>ἀκουόντων·</em></span> <span class='ocrx_word' id='word_1_47' title='bbox 1225 550 1322 593; x_wconf 81' lang='grc' dir='ltr'><em>ἐπεὶ</em></span> <span class='ocrx_word' id='word_1_48' title='bbox 1356 553 1576 607; x_wconf 79' lang='grc' dir='ltr'><em>Σωκράτη</em></span> 
     </span>
    </p>
   </div>
   <div class='ocr_carea' id='block_1_4' title="bbox 152 614 1581 672">
    <p class='ocr_par' dir='ltr' id='par_1_5' title="bbox 152 614 1581 672">
     <span class='ocr_line' id='line_1_8' title="bbox 152 614 1581 672; baseline 0.003 -15"><span class='ocrx_word' id='word_1_49' title='bbox 152 632 204 671; x_wconf 90' lang='grc' dir='ltr'><strong>γε</strong></span> <span class='ocrx_word' id='word_1_50' title='bbox 244 615 330 670; x_wconf 79' lang='grc' dir='ltr'><em>ἐγώ</em></span> <span class='ocrx_word' id='word_1_51' title='bbox 369 616 595 670; x_wconf 74' lang='grc' dir='ltr'><em>ἐγγυῶμαι</em></span> <span class='ocrx_word' id='word_1_52' title='bbox 630 614 688 670; x_wconf 84' lang='grc' dir='ltr'><strong>μὴ</strong></span> <span class='ocrx_word' id='word_1_53' title='bbox 727 614 1042 672; x_wconf 83' lang='grc' dir='ltr'><em>ἐπιλήσεσθαι,</em></span> <span class='ocrx_word' id='word_1_54' title='bbox 1089 617 1172 672; x_wconf 84' lang='grc' dir='ltr'><strong>οὐχ</strong></span> <span class='ocrx_word' id='word_1_55' title='bbox 1212 617 1278 660; x_wconf 80' lang='grc' dir='ltr'><em>ὅτι</em></span> <span class='ocrx_word' id='word_1_56' title='bbox 1316 622 1458 670; x_wconf 81' lang='grc' dir='ltr'><em>παίζει</em></span> <span class='ocrx_word' id='word_1_57' title='bbox 1502 622 1581 662; x_wconf 86' lang='grc' dir='ltr'><em>καί</em></span> 
     </span>
    </p>
   </div>
   <div class='ocr_carea' id='block_1_5' title="bbox 153 679 1578 808">
    <p class='ocr_par' dir='ltr' id='par_1_6' title="bbox 153 679 1578 808">
     <span class='ocr_line' id='line_1_9' title="bbox 153 679 1578 741; baseline 0.002 -15"><span class='ocrx_word' id='word_1_58' title='bbox 153 696 295 740; x_wconf 89' lang='grc' dir='ltr'><em>φησιν</em></span> <span class='ocrx_word' id='word_1_59' title='bbox 317 683 575 738; x_wconf 80' lang='grc' dir='ltr'><em>ἐπιλήσμων</em></span> <span class='ocrx_word' id='word_1_60' title='bbox 596 680 724 725; x_wconf 81' lang='grc' dir='ltr'><em>εἶναι.</em></span> <span class='ocrx_word' id='word_1_61' title='bbox 772 683 870 737; x_wconf 82' lang='grc' dir='ltr'><em>ἐμοὶ</em></span> <span class='ocrx_word' id='word_1_62' title='bbox 890 686 973 738; x_wconf 78' lang='grc' dir='ltr'><strong>μὲν</strong></span> <span class='ocrx_word' id='word_1_63' title='bbox 1003 679 1088 726; x_wconf 76' lang='grc' dir='ltr'><strong>οὖν</strong></span> <span class='ocrx_word' id='word_1_64' title='bbox 1118 686 1244 727; x_wconf 87' lang='grc' dir='ltr'><em>δοκεῖ</em></span> <span class='ocrx_word' id='word_1_65' title='bbox 1273 687 1578 741; x_wconf 84' lang='grc' dir='ltr'><em>ἐπιεικέστερα</em></span> 
     </span>
     <span class='ocr_line' id='line_1_10' title="bbox 155 748 1578 808; baseline 0.001 -14"><span class='ocrx_word' id='word_1_66' title='bbox 155 751 393 806; x_wconf 79' lang='grc' dir='ltr'><em>Σωκράτης</em></span> <span class='ocrx_word' id='word_1_67' title='bbox 424 749 588 803; x_wconf 82' lang='grc' dir='ltr'><em>λέγειν·</em></span> <span class='ocrx_word' id='word_1_68' title='bbox 629 748 710 804; x_wconf 82' lang='grc' dir='ltr'><em>χρὴ</em></span> <span class='ocrx_word' id='word_1_69' title='bbox 743 749 828 805; x_wconf 82' lang='grc' dir='ltr'><strong>γὰρ</strong></span> <span class='ocrx_word' id='word_1_70' title='bbox 859 750 1051 793; x_wconf 83' lang='grc' dir='ltr'><em>ἕκαστον</em></span> <span class='ocrx_word' id='word_1_71' title='bbox 1081 750 1163 806; x_wconf 81' lang='grc' dir='ltr'><strong>τὴν</strong></span> <span class='ocrx_word' id='word_1_72' title='bbox 1199 752 1362 794; x_wconf 80' lang='grc' dir='ltr'><em>ἑαυτοῦ</em></span> <span class='ocrx_word' id='word_1_73' title='bbox 1392 753 1578 808; x_wconf 78' lang='grc' dir='ltr'><em>γνώμην</em></span> 
     </span>
    </p>
   </div>
   <div class='ocr_carea' id='block_1_6' title="bbox 97 818 496 995">
    <p class='ocr_par' dir='ltr' id='par_1_7' title="bbox 97 818 496 995">
     <span class='ocr_line' id='line_1_11' title="bbox 150 818 496 873; baseline -0.006 -13"><span class='ocrx_word' id='word_1_74' title='bbox 150 818 496 873; x_wconf 75' lang='grc' dir='ltr'><em>ἀποφαίνεσθαι.</em></span> 
     </span>
     <span class='ocr_line' id='line_1_12' title="bbox 97 902 130 929; baseline 0.03 -1"><span class='ocrx_word' id='word_1_75' title='bbox 97 902 130 929; x_wconf 84' lang='lat'><strong>10</strong></span> 
     </span>
     <span class='ocr_line' id='line_1_13' title="bbox 152 954 310 995; baseline 0.006 -1"><span class='ocrx_word' id='word_1_76' title='bbox 152 954 310 995; x_wconf 75' lang='grc' dir='ltr'><em>εἰπών·</em></span> 
     </span>
    </p>
   </div>
   <div class='ocr_carea' id='block_1_7' title="bbox 266 879 1577 1008">
    <p class='ocr_par' dir='ltr' id='par_1_8' title="bbox 266 879 1577 1008">
     <span class='ocr_line' id='line_1_14' title="bbox 266 879 1574 942; baseline 0.001 -15"><span class='ocrx_word' id='word_1_77' title='bbox 266 884 394 927; x_wconf 77' lang='grc' dir='ltr'><em>Μετὰ</em></span> <span class='ocrx_word' id='word_1_78' title='bbox 424 885 473 926; x_wconf 79' lang='grc' dir='ltr'><em>δὲ</em></span> <span class='ocrx_word' id='word_1_79' title='bbox 503 884 583 926; x_wconf 85' lang='grc' dir='ltr'><strong>τὸν</strong></span> <span class='ocrx_word' id='word_1_80' title='bbox 611 883 911 940; x_wconf 81' lang='grc' dir='ltr'><em>Ἀλκιβιάδην,</em></span> <span class='ocrx_word' id='word_1_81' title='bbox 943 884 1003 936; x_wconf 75' lang='grc' dir='ltr'><em>ὥς</em></span> <span class='ocrx_word' id='word_1_82' title='bbox 1035 879 1213 942; x_wconf 71' lang='grc' dir='ltr'><em>ἐγῷμαι,</em></span> <span class='ocrx_word' id='word_1_83' title='bbox 1245 888 1431 940; x_wconf 80' lang='grc' dir='ltr'><em>Κριτίας</em></span> <span class='ocrx_word' id='word_1_84' title='bbox 1460 880 1517 941; x_wconf 85' lang='grc' dir='ltr'><strong>ἧν</strong></span> <span class='ocrx_word' id='word_1_85' title='bbox 1550 885 1574 928; x_wconf 89' lang='grc' dir='ltr'>ὁ</span> 
     </span>
     <span class='ocr_line' id='line_1_15' title="bbox 353 947 1577 1008; baseline 0.001 -14"><span class='ocrx_word' id='word_1_86' title='bbox 353 947 406 994; x_wconf 62' lang='grc' dir='ltr'><strong>Ὦ,</strong></span> <span class='ocrx_word' id='word_1_87' title='bbox 437 951 636 1006; x_wconf 88' lang='grc' dir='ltr'><em>Πρόδικε</em></span> <span class='ocrx_word' id='word_1_88' title='bbox 676 953 747 994; x_wconf 87' lang='grc' dir='ltr'><em>καὶ</em></span> <span class='ocrx_word' id='word_1_89' title='bbox 785 951 951 1008; x_wconf 84' lang='grc' dir='ltr'><em>Ἱππία,</em></span> <span class='ocrx_word' id='word_1_90' title='bbox 990 956 1187 1002; x_wconf 86' lang='grc' dir='ltr'><em>Καλλίας</em></span> <span class='ocrx_word' id='word_1_91' title='bbox 1224 954 1307 1007; x_wconf 77' lang='grc' dir='ltr'><strong>μὲν</strong></span> <span class='ocrx_word' id='word_1_92' title='bbox 1343 955 1468 996; x_wconf 88' lang='grc' dir='ltr'><em>δοκεῖ</em></span> <span class='ocrx_word' id='word_1_93' title='bbox 1502 969 1577 1008; x_wconf 90' lang='grc' dir='ltr'><strong>μοι</strong></span> 
     </span>
    </p>
   </div>
   <div class='ocr_carea' id='block_1_8' title="bbox 97 1017 1578 1479">
    <p class='ocr_par' dir='ltr' id='par_1_9' title="bbox 97 1017 1578 1345">
     <span class='ocr_line' id='line_1_16' title="bbox 150 1017 1576 1076; baseline 0.001 -15"><span class='ocrx_word' id='word_1_94' title='bbox 150 1018 268 1075; x_wconf 89' lang='grc' dir='ltr'><em>μάλα</em></span> <span class='ocrx_word' id='word_1_95' title='bbox 300 1019 411 1073; x_wconf 85' lang='grc' dir='ltr'><em>πρὸς</em></span> <span class='ocrx_word' id='word_1_96' title='bbox 441 1020 751 1073; x_wconf 86' lang='grc' dir='ltr'><em>Πρωταγόρου</em></span> <span class='ocrx_word' id='word_1_97' title='bbox 782 1017 912 1075; x_wconf 81' lang='grc' dir='ltr'><em>εἶναι,</em></span> <span class='ocrx_word' id='word_1_98' title='bbox 942 1019 1221 1075; x_wconf 79' lang='grc' dir='ltr'><em>Ἀλκιβιάδης</em></span> <span class='ocrx_word' id='word_1_99' title='bbox 1260 1021 1309 1062; x_wconf 81' lang='grc' dir='ltr'><em>δὲ</em></span> <span class='ocrx_word' id='word_1_100' title='bbox 1340 1020 1409 1063; x_wconf 80' lang='grc' dir='ltr'><em>ἀεὶ</em></span> <span class='ocrx_word' id='word_1_101' title='bbox 1440 1022 1576 1076; x_wconf 90' lang='grc' dir='ltr'><em>φιλό-</em></span> 
     </span>
     <span class='ocr_line' id='line_1_17' title="bbox 151 1083 1577 1142; baseline 0.001 -13"><span class='ocrx_word' id='word_1_102' title='bbox 151 1087 302 1137; x_wconf 88' lang='grc' dir='ltr'><em>νεικός</em></span> <span class='ocrx_word' id='word_1_103' title='bbox 333 1086 427 1130; x_wconf 83' lang='grc' dir='ltr'><em>ἐστι</em></span> <span class='ocrx_word' id='word_1_104' title='bbox 457 1085 569 1140; x_wconf 89' lang='grc' dir='ltr'><em>πρὸς</em></span> <span class='ocrx_word' id='word_1_105' title='bbox 601 1086 624 1128; x_wconf 86' lang='grc' dir='ltr'>ὃ</span> <span class='ocrx_word' id='word_1_106' title='bbox 655 1083 711 1129; x_wconf 73' lang='grc' dir='ltr'><strong>ἄν</strong></span> <span class='ocrx_word' id='word_1_107' title='bbox 743 1085 930 1142; x_wconf 83' lang='grc' dir='ltr'><em>ὁρμήσῃ.</em></span> <span class='ocrx_word' id='word_1_108' title='bbox 981 1086 1095 1142; x_wconf 82' lang='grc' dir='ltr'><em>ἡμᾶς</em></span> <span class='ocrx_word' id='word_1_109' title='bbox 1117 1089 1165 1129; x_wconf 78' lang='grc' dir='ltr'><em>δὲ</em></span> <span class='ocrx_word' id='word_1_110' title='bbox 1197 1086 1332 1130; x_wconf 79' lang='grc' dir='ltr'><em>οὐδὲν</em></span> <span class='ocrx_word' id='word_1_111' title='bbox 1364 1089 1436 1130; x_wconf 88' lang='grc' dir='ltr'><strong>δεῖ</strong></span> <span class='ocrx_word' id='word_1_112' title='bbox 1462 1100 1577 1142; x_wconf 88' lang='grc' dir='ltr'><em>συμ-</em></span> 
     </span>
     <span class='ocr_line' id='line_1_18' title="bbox 152 1150 1578 1211; baseline 0.001 -15"><span class='ocrx_word' id='word_1_113' title='bbox 152 1160 432 1210; x_wconf 80' lang='grc' dir='ltr'><em>φιλονεικεῖν</em></span> <span class='ocrx_word' id='word_1_114' title='bbox 463 1150 568 1197; x_wconf 78' lang='grc' dir='ltr'><em>οὕτε</em></span> <span class='ocrx_word' id='word_1_115' title='bbox 590 1154 823 1209; x_wconf 86' lang='grc' dir='ltr'><em>Σωκράτει</em></span> <span class='ocrx_word' id='word_1_116' title='bbox 854 1153 959 1196; x_wconf 81' lang='grc' dir='ltr'><em>οὔτε</em></span> <span class='ocrx_word' id='word_1_117' title='bbox 979 1156 1276 1211; x_wconf 81' lang='grc' dir='ltr'><em>Πωρταγόρα,</em></span> <span class='ocrx_word' id='word_1_118' title='bbox 1309 1154 1423 1197; x_wconf 79' lang='grc' dir='ltr'><em>ἀλλὰ</em></span> <span class='ocrx_word' id='word_1_119' title='bbox 1446 1158 1578 1211; x_wconf 81' lang='grc' dir='ltr'><em>κοινῇ</em></span> 
     </span>
     <span class='ocr_line' id='line_1_19' title="bbox 97 1217 1574 1278; baseline 0.002 -15"><span class='ocrx_word' id='word_1_120' title='bbox 97 1238 129 1265; x_wconf 89' lang='lat'><strong>15</strong></span> <span class='ocrx_word' id='word_1_121' title='bbox 152 1221 419 1278; x_wconf 74' lang='grc' dir='ltr'><em>ἀμφοτέρων</em></span> <span class='ocrx_word' id='word_1_122' title='bbox 457 1224 637 1264; x_wconf 87' lang='grc' dir='ltr'><em>δεῖσθαι</em></span> <span class='ocrx_word' id='word_1_123' title='bbox 674 1217 731 1276; x_wconf 86' lang='grc' dir='ltr'><strong>μὴ</strong></span> <span class='ocrx_word' id='word_1_124' title='bbox 762 1220 927 1276; x_wconf 78' lang='grc' dir='ltr'><em>μεταξὺ</em></span> <span class='ocrx_word' id='word_1_125' title='bbox 957 1223 1167 1264; x_wconf 83' lang='grc' dir='ltr'><em>διαλῦσαι</em></span> <span class='ocrx_word' id='word_1_126' title='bbox 1197 1221 1280 1278; x_wconf 80' lang='grc' dir='ltr'><strong>τήν</strong></span> <span class='ocrx_word' id='word_1_127' title='bbox 1311 1226 1574 1268; x_wconf 86' lang='grc' dir='ltr'><em>συνουσίαν.</em></span> 
     </span>
     <span class='ocr_line' id='line_1_20' title="bbox 272 1287 1574 1345; baseline 0.002 -15"><span class='ocrx_word' id='word_1_128' title='bbox 272 1290 494 1339; x_wconf 80' lang='grc' dir='ltr'><em>Εἰπόντος</em></span> <span class='ocrx_word' id='word_1_129' title='bbox 525 1289 573 1332; x_wconf 76' lang='grc' dir='ltr'><em>δὲ</em></span> <span class='ocrx_word' id='word_1_130' title='bbox 610 1288 749 1331; x_wconf 80' lang='grc' dir='ltr'><em>αὐτοῦ</em></span> <span class='ocrx_word' id='word_1_131' title='bbox 784 1292 924 1330; x_wconf 83' lang='grc' dir='ltr'><em>ταῦτα</em></span> <span class='ocrx_word' id='word_1_132' title='bbox 958 1287 981 1331; x_wconf 87' lang='grc' dir='ltr'><em>ὁ</em></span> <span class='ocrx_word' id='word_1_133' title='bbox 1013 1289 1262 1344; x_wconf 82' lang='grc' dir='ltr'><em>Πρόδικος,</em></span> <span class='ocrx_word' id='word_1_134' title='bbox 1295 1293 1455 1340; x_wconf 76' lang='grc' dir='ltr'><em>Καλῶς</em></span> <span class='ocrx_word' id='word_1_135' title='bbox 1484 1306 1574 1345; x_wconf 90' lang='grc' dir='ltr'><em>μοι,</em></span> 
     </span>
    </p>

    <p class='ocr_par' dir='ltr' id='par_1_10' title="bbox 149 1351 1576 1479">
     <span class='ocr_line' id='line_1_21' title="bbox 150 1351 1576 1412; baseline 0.001 -14"><span class='ocrx_word' id='word_1_136' title='bbox 150 1358 252 1412; x_wconf 80' lang='grc' dir='ltr'><em>ἔφη,</em></span> <span class='ocrx_word' id='word_1_137' title='bbox 285 1357 431 1405; x_wconf 85' lang='grc' dir='ltr'><em>δοκεῖς</em></span> <span class='ocrx_word' id='word_1_138' title='bbox 461 1356 618 1411; x_wconf 83' lang='grc' dir='ltr'><em>λέγειν,</em></span> <span class='ocrx_word' id='word_1_139' title='bbox 651 1351 687 1398; x_wconf 71' lang='grc' dir='ltr'><em>ὦ</em></span> <span class='ocrx_word' id='word_1_140' title='bbox 719 1358 901 1410; x_wconf 85' lang='grc' dir='ltr'><em>Κριτία·</em></span> <span class='ocrx_word' id='word_1_141' title='bbox 933 1355 1014 1411; x_wconf 83' lang='grc' dir='ltr'><em>χρὴ</em></span> <span class='ocrx_word' id='word_1_142' title='bbox 1047 1355 1132 1412; x_wconf 81' lang='grc' dir='ltr'><strong>γὰρ</strong></span> <span class='ocrx_word' id='word_1_143' title='bbox 1163 1356 1269 1408; x_wconf 75' lang='grc' dir='ltr'><em>τοὺς</em></span> <span class='ocrx_word' id='word_1_144' title='bbox 1301 1358 1351 1400; x_wconf 84' lang='grc' dir='ltr'><strong>ἐν</strong></span> <span class='ocrx_word' id='word_1_145' title='bbox 1382 1359 1576 1400; x_wconf 88' lang='grc' dir='ltr'><em>τοιοῖσδε</em></span> 
     </span>
     <span class='ocr_line' id='line_1_22' title="bbox 149 1421 1576 1479; baseline 0.001 -14"><span class='ocrx_word' id='word_1_146' title='bbox 149 1423 299 1477; x_wconf 85' lang='grc' dir='ltr'><em>λόγοις</em></span> <span class='ocrx_word' id='word_1_147' title='bbox 334 1424 750 1478; x_wconf 85' lang='grc' dir='ltr'><em>παραγιγνομένους</em></span> <span class='ocrx_word' id='word_1_148' title='bbox 789 1424 971 1473; x_wconf 81' lang='grc' dir='ltr'><em>κοινοὺς</em></span> <span class='ocrx_word' id='word_1_149' title='bbox 1008 1423 1091 1478; x_wconf 73' lang='grc' dir='ltr'><strong>μὲν</strong></span> <span class='ocrx_word' id='word_1_150' title='bbox 1133 1421 1247 1466; x_wconf 81' lang='grc' dir='ltr'><em>εἶναι</em></span> <span class='ocrx_word' id='word_1_151' title='bbox 1278 1424 1448 1479; x_wconf 83' lang='grc' dir='ltr'><em>ἀμφοῖν</em></span> <span class='ocrx_word' id='word_1_152' title='bbox 1477 1432 1576 1467; x_wconf 89' lang='grc' dir='ltr'><em>τοῖν</em></span> 
     </span>
    </p>
   </div>
   <div class='ocr_carea' id='block_1_9' title="bbox 263 1567 1574 1616">
    <p class='ocr_par' dir='ltr' id='par_1_11' title="bbox 263 1567 1574 1616">
     <span class='ocr_line' id='line_1_23' title="bbox 263 1567 1574 1616; baseline 0.002 -12"><span class='ocrx_word' id='word_1_153' title='bbox 263 1572 293 1604; x_wconf 88' lang='grc'><strong>6.</strong></span> <span class='ocrx_word' id='word_1_154' title='bbox 321 1567 396 1615; x_wconf 80' lang='grc' dir='ltr'><em>ἐγγ</em></span> <span class='ocrx_word' id='word_1_155' title='bbox 406 1570 577 1615; x_wconf 72' lang='grc' dir='ltr'><em>υῶμαιι</em></span> <span class='ocrx_word' id='word_1_156' title='bbox 610 1570 660 1604; x_wconf 91' lang='lat' dir='ltr'><strong>sic</strong></span> <span class='ocrx_word' id='word_1_157' title='bbox 693 1569 782 1603; x_wconf 90' lang='lat' dir='ltr'><strong>olim</strong></span> <span class='ocrx_word' id='word_1_158' title='bbox 806 1570 879 1604; x_wconf 88' lang='lat' dir='ltr'><strong>iam</strong></span> <span class='ocrx_word' id='word_1_159' title='bbox 906 1571 1115 1604; x_wconf 85' lang='lat' dir='ltr'><strong>correctum</strong></span> <span class='ocrx_word' id='word_1_160' title='bbox 1141 1572 1196 1605; x_wconf 83' lang='lat' dir='ltr'><strong>est</strong></span> <span class='ocrx_word' id='word_1_161' title='bbox 1223 1567 1286 1616; x_wconf 86' lang='grc' dir='ltr'><em>ε’γγ</em></span> <span class='ocrx_word' id='word_1_162' title='bbox 1267 1572 1344 1615; x_wconf 84' lang='grc' dir='ltr'><em>γυῶ</em></span> <span class='ocrx_word' id='word_1_163' title='bbox 1369 1571 1447 1614; x_wconf 75' lang='grc' dir='ltr'><em>καὶ,</em></span> <span class='ocrx_word' id='word_1_164' title='bbox 1473 1572 1574 1613; x_wconf 84' lang='lat' dir='ltr'><strong>quod.</strong></span> 
     </span>
    </p>
   </div>
   <div class='ocr_carea' id='block_1_10' title="bbox 147 1615 439 1650">
    <p class='ocr_par' dir='ltr' id='par_1_12' title="bbox 147 1615 439 1650">
     <span class='ocr_line' id='line_1_24' title="bbox 147 1615 439 1650; baseline -0.004 -1"><span class='ocrx_word' id='word_1_165' title='bbox 147 1615 274 1650; x_wconf 82' lang='lat' dir='ltr'><strong>exstat</strong></span> <span class='ocrx_word' id='word_1_166' title='bbox 297 1615 335 1648; x_wconf 81' lang='lat' dir='ltr'><strong>in</strong></span> <span class='ocrx_word' id='word_1_167' title='bbox 361 1615 439 1649; x_wconf 89' lang='lat' dir='ltr'><strong>BT.</strong></span> 
     </span>
    </p>
   </div>
   <div class='ocr_carea' id='block_1_11' title="bbox 524 1608 1574 1671">
    <p class='ocr_par' dir='ltr' id='par_1_13' title="bbox 524 1608 1574 1671">
     <span class='ocr_line' id='line_1_25' title="bbox 524 1608 1574 1671; baseline 0.001 -22"><span class='ocrx_word' id='word_1_168' title='bbox 524 1619 578 1650; x_wconf 86' lang='lat'><strong>13.</strong></span> <span class='ocrx_word' id='word_1_169' title='bbox 611 1611 723 1657; x_wconf 88' lang='grc' dir='ltr'><em>πρὸς</em></span> <span class='ocrx_word' id='word_1_170' title='bbox 754 1608 773 1649; x_wconf 79' lang='grc' dir='ltr'>ὃ</span> <span class='ocrx_word' id='word_1_171' title='bbox 806 1612 860 1649; x_wconf 74' lang='grc' dir='ltr'><strong>ἂν</strong></span> <span class='ocrx_word' id='word_1_172' title='bbox 885 1614 971 1650; x_wconf 91' lang='lat' dir='ltr'><strong>BT:</strong></span> <span class='ocrx_word' id='word_1_173' title='bbox 1006 1626 1050 1649; x_wconf 85' lang='lat' dir='ltr'><strong>ex</strong></span> <span class='ocrx_word' id='word_1_174' title='bbox 1075 1615 1102 1648; x_wconf 91' lang='lat' dir='ltr'>B</span> <span class='ocrx_word' id='word_1_175' title='bbox 1134 1616 1209 1649; x_wconf 90' lang='lat' dir='ltr'><strong>iam</strong></span> <span class='ocrx_word' id='word_1_176' title='bbox 1239 1618 1436 1671; x_wconf 85' lang='lat' dir='ltr'><strong>receperat</strong></span> <span class='ocrx_word' id='word_1_177' title='bbox 1464 1615 1574 1651; x_wconf 86' lang='lat' dir='ltr'><strong>Stall-</strong></span> 
     </span>
    </p>
   </div>
   <div class='ocr_carea' id='block_1_12' title="bbox 148 1659 1569 1707">
    <p class='ocr_par' dir='ltr' id='par_1_14' title="bbox 148 1659 1569 1707">
     <span class='ocr_line' id='line_1_26' title="bbox 148 1659 1569 1707; baseline 0.001 -13"><span class='ocrx_word' id='word_1_178' title='bbox 148 1660 275 1703; x_wconf 80' lang='lat' dir='ltr'><strong>baum,</strong></span> <span class='ocrx_word' id='word_1_179' title='bbox 301 1659 366 1694; x_wconf 85' lang='lat' dir='ltr'><strong>sed</strong></span> <span class='ocrx_word' id='word_1_180' title='bbox 384 1659 531 1694; x_wconf 84' lang='lat' dir='ltr'><strong>Bekker</strong></span> <span class='ocrx_word' id='word_1_181' title='bbox 548 1660 752 1694; x_wconf 75' lang='lat' dir='ltr'><strong>retinuerat</strong></span> <span class='ocrx_word' id='word_1_182' title='bbox 769 1660 961 1704; x_wconf 77' lang='lat' dir='ltr'>vulgatam</span> <span class='ocrx_word' id='word_1_183' title='bbox 984 1660 1184 1695; x_wconf 89' lang='lat' dir='ltr'><strong>lectionem</strong></span> <span class='ocrx_word' id='word_1_184' title='bbox 1210 1659 1306 1705; x_wconf 85' lang='grc' dir='ltr'><em>πρὸς</em></span> <span class='ocrx_word' id='word_1_185' title='bbox 1331 1659 1390 1696; x_wconf 83' lang='grc' dir='ltr'><em>ὅτι</em></span> <span class='ocrx_word' id='word_1_186' title='bbox 1416 1674 1464 1696; x_wconf 88' lang='grc' dir='ltr'><strong>αν</strong></span> <span class='ocrx_word' id='word_1_187' title='bbox 1483 1659 1569 1707; x_wconf 87' lang='grc' dir='ltr'><em>ὁρμ.</em></span> 
     </span>
    </p>
   </div>
   <div class='ocr_carea' id='block_1_13' title="bbox 146 1790 826 2699">
    <p class='ocr_par' dir='ltr' id='par_1_15' title="bbox 146 1790 826 2322">
     <span class='ocr_line' id='line_1_27' title="bbox 194 1790 818 1846; baseline -0.002 -17"><span class='ocrx_word' id='word_1_188' title='bbox 194 1798 226 1830; x_wconf 91' lang='lat'><strong>3.</strong></span> <span class='ocrx_word' id='word_1_189' title='bbox 248 1790 481 1846; x_wconf 75' lang='grc' dir='ltr'><em>ἐκκρούων</em></span> <span class='ocrx_word' id='word_1_190' title='bbox 508 1806 610 1833; x_wconf 86' lang='grc' dir='ltr'><em>τους</em></span> <span class='ocrx_word' id='word_1_191' title='bbox 637 1791 818 1838; x_wconf 83' lang='grc' dir='ltr'><em>λόγους]</em></span> 
     </span>
     <span class='ocr_line' id='line_1_28' title="bbox 148 1835 822 1883; baseline -0.001 -10"><span class='ocrx_word' id='word_1_192' title='bbox 148 1839 214 1875; x_wconf 86' lang='lat' dir='ltr'><strong>int</strong></span> <span class='ocrx_word' id='word_1_193' title='bbox 233 1841 363 1882; x_wconf 79' lang='grc' dir='ltr'><em>μακρῷ</em></span> <span class='ocrx_word' id='word_1_194' title='bbox 383 1835 498 1883; x_wconf 73' lang='grc' dir='ltr'><em>λόγῳε</em></span> <span class='ocrx_word' id='word_1_195' title='bbox 524 1838 639 1882; x_wconf 85' lang='lat' dir='ltr'><strong>longa</strong></span> <span class='ocrx_word' id='word_1_196' title='bbox 656 1839 822 1873; x_wconf 88' lang='lat' dir='ltr'><strong>oratione</strong></span> 
     </span>
     <span class='ocr_line' id='line_1_29' title="bbox 149 1883 823 1927; baseline -0.002 -9"><span class='ocrx_word' id='word_1_197' title='bbox 149 1884 400 1926; x_wconf 88' lang='lat' dir='ltr'><strong>quodcunque</strong></span> <span class='ocrx_word' id='word_1_198' title='bbox 427 1883 690 1926; x_wconf 68' lang='lat' dir='ltr'>disputationis</span> <span class='ocrx_word' id='word_1_199' title='bbox 716 1894 823 1927; x_wconf 85' lang='lat' dir='ltr'><strong>argu-</strong></span> 
     </span>
     <span class='ocr_line' id='line_1_30' title="bbox 148 1928 822 1972; baseline 0 -10"><span class='ocrx_word' id='word_1_200' title='bbox 148 1930 314 1962; x_wconf 84' lang='lat' dir='ltr'><strong>mentum</strong></span> <span class='ocrx_word' id='word_1_201' title='bbox 339 1928 569 1972; x_wconf 86' lang='lat' dir='ltr'><strong>propositum</strong></span> <span class='ocrx_word' id='word_1_202' title='bbox 589 1929 822 1964; x_wconf 86' lang='lat' dir='ltr'><strong>submovens.</strong></span> 
     </span>
     <span class='ocr_line' id='line_1_31' title="bbox 148 1973 823 2025; baseline -0.001 -17"><span class='ocrx_word' id='word_1_203' title='bbox 148 1973 305 2009; x_wconf 86' lang='lat' dir='ltr'><strong>Theaet.</strong></span> <span class='ocrx_word' id='word_1_204' title='bbox 332 1973 520 2025; x_wconf 0' lang='lat' dir='ltr'><strong>p 154D:</strong></span> <span class='ocrx_word' id='word_1_205' title='bbox 549 1973 585 2007; x_wconf 81' lang='grc' dir='ltr'><em>εἰ</em></span> <span class='ocrx_word' id='word_1_206' title='bbox 610 1974 732 2008; x_wconf 82' lang='grc' dir='ltr'><em>δεινοὶ</em></span> <span class='ocrx_word' id='word_1_207' title='bbox 758 1974 823 2008; x_wconf 77' lang='grc' dir='ltr'><em>καὶ</em></span> 
     </span>
     <span class='ocr_line' id='line_1_32' title="bbox 148 2014 823 2076; baseline 0 -23"><span class='ocrx_word' id='word_1_208' title='bbox 148 2018 264 2062; x_wconf 85' lang='grc' dir='ltr'><em>σοφοὶ</em></span> <span class='ocrx_word' id='word_1_209' title='bbox 297 2014 368 2072; x_wconf 79' lang='grc' dir='ltr'><em>ἐγώ</em></span> <span class='ocrx_word' id='word_1_210' title='bbox 401 2030 440 2052; x_wconf 88' lang='grc' dir='ltr'><em>τε</em></span> <span class='ocrx_word' id='word_1_211' title='bbox 473 2019 536 2052; x_wconf 85' lang='grc' dir='ltr'><em>καὶ</em></span> <span class='ocrx_word' id='word_1_212' title='bbox 578 2015 621 2052; x_wconf 81' lang='grc' dir='ltr'><em>σύ</em></span> <span class='ocrx_word' id='word_1_213' title='bbox 660 2019 755 2076; x_wconf 82' lang='grc' dir='ltr'><em>ήμεν</em></span> <span class='ocrx_word' id='word_1_214' title='bbox 781 2045 788 2051; x_wconf 94' lang='grc'><strong>.</strong></span> <span class='ocrx_word' id='word_1_215' title='bbox 815 2045 823 2053; x_wconf 87' lang='grc'><strong>.</strong></span> 
     </span>
     <span class='ocr_line' id='line_1_33' title="bbox 151 2059 825 2117; baseline 0 -20"><span class='ocrx_word' id='word_1_216' title='bbox 151 2061 405 2106; x_wconf 83' lang='grc' dir='ltr'><em>ξυνελθόντες</em></span> <span class='ocrx_word' id='word_1_217' title='bbox 423 2063 653 2117; x_wconf 80' lang='grc' dir='ltr'><em>σοφιστικῶς</em></span> <span class='ocrx_word' id='word_1_218' title='bbox 668 2062 733 2103; x_wconf 85' lang='grc' dir='ltr'><strong>εις</strong></span> <span class='ocrx_word' id='word_1_219' title='bbox 748 2059 825 2117; x_wconf 82' lang='grc' dir='ltr'><strong>μα’-</strong></span> 
     </span>
     <span class='ocr_line' id='line_1_34' title="bbox 147 2104 825 2197; baseline 0.001 -10"><span class='ocrx_word' id='word_1_220' title='bbox 147 2120 202 2187; x_wconf 67' lang='lat'><strong>{3⁷</strong></span> <span class='ocrx_word' id='word_1_221' title='bbox 197 2104 825 2197; x_wconf 49' lang='lat'><strong>252⁰232123&#39;7’022235522020325</strong></span> 
     </span>
     <span class='ocr_line' id='line_1_35' title="bbox 147 2197 826 2248; baseline 0.001 -17"><span class='ocrx_word' id='word_1_222' title='bbox 147 2197 372 2248; x_wconf 86' lang='lat' dir='ltr'><strong>Metaphora</strong></span> <span class='ocrx_word' id='word_1_223' title='bbox 385 2207 407 2230; x_wconf 89' lang='lat' dir='ltr'><strong>a</strong></span> <span class='ocrx_word' id='word_1_224' title='bbox 425 2197 696 2240; x_wconf 80' lang='lat' dir='ltr'><strong>gladiatoribus</strong></span> <span class='ocrx_word' id='word_1_225' title='bbox 713 2198 826 2233; x_wconf 86' lang='lat' dir='ltr'><strong>ducta</strong></span> 
     </span>
     <span class='ocr_line' id='line_1_36' title="bbox 147 2241 826 2277; baseline 0.002 -1"><span class='ocrx_word' id='word_1_226' title='bbox 147 2241 263 2276; x_wconf 88' lang='lat' dir='ltr'><strong>ictum</strong></span> <span class='ocrx_word' id='word_1_227' title='bbox 306 2241 600 2276; x_wconf 85' lang='lat' dir='ltr'><strong>adversariorum</strong></span> <span class='ocrx_word' id='word_1_228' title='bbox 642 2242 826 2277; x_wconf 83' lang='lat' dir='ltr'><strong>declinan-</strong></span> 
     </span>
     <span class='ocr_line' id='line_1_37' title="bbox 146 2287 256 2323; baseline -0.02 -1"><span class='ocrx_word' id='word_1_229' title='bbox 146 2287 256 2323; x_wconf 84' lang='lat' dir='ltr'><strong>tibus,</strong></span> 
     </span>
    </p>

    <p class='ocr_par' dir='ltr' id='par_1_16' title="bbox 147 2329 824 2692">
     <span class='ocr_line' id='line_1_38' title="bbox 195 2329 823 2386; baseline 0.003 -21"><span class='ocrx_word' id='word_1_230' title='bbox 195 2335 226 2366; x_wconf 89' lang='grc'><strong>6.</strong></span> <span class='ocrx_word' id='word_1_231' title='bbox 253 2331 332 2376; x_wconf 81' lang='grc' dir='ltr'><strong>οὐχ</strong></span> <span class='ocrx_word' id='word_1_232' title='bbox 359 2345 429 2366; x_wconf 87' lang='grc' dir='ltr'><strong>οτι</strong></span> <span class='ocrx_word' id='word_1_233' title='bbox 456 2332 627 2386; x_wconf 80' lang='grc' dir='ltr'><em>παίζει]</em></span> <span class='ocrx_word' id='word_1_234' title='bbox 644 2329 727 2386; x_wconf 84' lang='grc' dir='ltr'><strong>οὐχ</strong></span> <span class='ocrx_word' id='word_1_235' title='bbox 752 2346 823 2375; x_wconf 84' lang='grc' dir='ltr'><em>οτι,</em></span> 
     </span>
     <span class='ocr_line' id='line_1_39' title="bbox 148 2374 825 2426; baseline 0.003 -16"><span class='ocrx_word' id='word_1_236' title='bbox 148 2377 310 2426; x_wconf 85' lang='lat' dir='ltr'><strong>positum</strong></span> <span class='ocrx_word' id='word_1_237' title='bbox 342 2387 409 2421; x_wconf 91' lang='lat' dir='ltr'><strong>pro</strong></span> <span class='ocrx_word' id='word_1_238' title='bbox 443 2374 488 2411; x_wconf 82' lang='grc' dir='ltr'><strong>οὐ</strong></span> <span class='ocrx_word' id='word_1_239' title='bbox 523 2376 616 2421; x_wconf 81' lang='grc' dir='ltr'><em>λέγω</em></span> <span class='ocrx_word' id='word_1_240' title='bbox 641 2375 716 2419; x_wconf 83' lang='grc' dir='ltr'><em>ότι,</em></span> <span class='ocrx_word' id='word_1_241' title='bbox 741 2388 825 2422; x_wconf 86' lang='lat' dir='ltr'><strong>pro-</strong></span> 
     </span>
     <span class='ocr_line' id='line_1_40' title="bbox 149 2421 824 2466; baseline 0.003 -11"><span class='ocrx_word' id='word_1_242' title='bbox 149 2432 229 2464; x_wconf 81' lang='lat' dir='ltr'><strong>pne</strong></span> <span class='ocrx_word' id='word_1_243' title='bbox 246 2423 404 2456; x_wconf 87' lang='lat' dir='ltr'><strong>estnon</strong></span> <span class='ocrx_word' id='word_1_244' title='bbox 428 2421 472 2455; x_wconf 89' lang='lat' dir='ltr'><strong>id</strong></span> <span class='ocrx_word' id='word_1_245' title='bbox 496 2431 712 2466; x_wconf 86' lang='lat' dir='ltr'><strong>memoro,</strong></span> <span class='ocrx_word' id='word_1_246' title='bbox 739 2433 824 2457; x_wconf 88' lang='lat' dir='ltr'><strong>non</strong></span> 
     </span>
     <span class='ocr_line' id='line_1_41' title="bbox 148 2465 823 2517; baseline 0.003 -18"><span class='ocrx_word' id='word_1_247' title='bbox 148 2465 193 2499; x_wconf 79' lang='lat' dir='ltr'><strong>id</strong></span> <span class='ocrx_word' id='word_1_248' title='bbox 219 2469 375 2517; x_wconf 85' lang='lat' dir='ltr'><strong>specto</strong></span> <span class='ocrx_word' id='word_1_249' title='bbox 401 2469 438 2501; x_wconf 88' lang='lat' dir='ltr'><strong>et</strong></span> <span class='ocrx_word' id='word_1_250' title='bbox 462 2466 502 2509; x_wconf 85' lang='lat' dir='ltr'><strong>si,</strong></span> <span class='ocrx_word' id='word_1_251' title='bbox 529 2468 571 2501; x_wconf 87' lang='lat' dir='ltr'><strong>ut</strong></span> <span class='ocrx_word' id='word_1_252' title='bbox 595 2467 629 2501; x_wconf 88' lang='lat' dir='ltr'><strong>h.</strong></span> <span class='ocrx_word' id='word_1_253' title='bbox 647 2467 684 2511; x_wconf 91' lang='lat' dir='ltr'><strong>l.‚</strong></span> <span class='ocrx_word' id='word_1_254' title='bbox 712 2477 823 2501; x_wconf 88' lang='lat' dir='ltr'><strong>enun-</strong></span> 
     </span>
     <span class='ocr_line' id='line_1_42' title="bbox 148 2511 824 2555; baseline 0.003 -10"><span class='ocrx_word' id='word_1_255' title='bbox 148 2511 243 2546; x_wconf 87' lang='lat' dir='ltr'><strong>tiato</strong></span> <span class='ocrx_word' id='word_1_256' title='bbox 267 2511 444 2555; x_wconf 87' lang='lat' dir='ltr'><strong>primario</strong></span> <span class='ocrx_word' id='word_1_257' title='bbox 464 2512 686 2555; x_wconf 83' lang='lat' dir='ltr'><strong>annectitur,</strong></span> <span class='ocrx_word' id='word_1_258' title='bbox 712 2512 824 2547; x_wconf 87' lang='lat' dir='ltr'><strong>inter—</strong></span> 
     </span>
     <span class='ocr_line' id='line_1_43' title="bbox 148 2556 822 2601; baseline 0 -11"><span class='ocrx_word' id='word_1_259' title='bbox 148 2556 374 2601; x_wconf 86' lang='lat' dir='ltr'><strong>pretandum</strong></span> <span class='ocrx_word' id='word_1_260' title='bbox 403 2558 460 2591; x_wconf 87' lang='lat' dir='ltr'><strong>est</strong></span> <span class='ocrx_word' id='word_1_261' title='bbox 494 2567 517 2599; x_wconf 90' lang='lat' dir='ltr'><strong>q</strong></span> <span class='ocrx_word' id='word_1_262' title='bbox 533 2568 556 2590; x_wconf 94' lang='lat' dir='ltr'><strong>u</strong></span> <span class='ocrx_word' id='word_1_263' title='bbox 571 2568 641 2591; x_wconf 89' lang='lat' dir='ltr'><strong>am</strong></span> <span class='ocrx_word' id='word_1_264' title='bbox 657 2568 679 2600; x_wconf 93' lang='lat' dir='ltr'><strong>q</strong></span> <span class='ocrx_word' id='word_1_265' title='bbox 694 2568 822 2601; x_wconf 86' lang='lat' dir='ltr'><strong>uam,</strong></span> 
     </span>
     <span class='ocr_line' id='line_1_44' title="bbox 150 2601 823 2646; baseline 0.005 -13"><span class='ocrx_word' id='word_1_266' title='bbox 150 2601 446 2645; x_wconf 85' lang='lat' dir='ltr'><strong>ungeachtet.</strong></span> <span class='ocrx_word' id='word_1_267' title='bbox 473 2602 517 2636; x_wconf 89' lang='lat' dir='ltr'><strong>cf.</strong></span> <span class='ocrx_word' id='word_1_268' title='bbox 534 2602 636 2646; x_wconf 87' lang='lat' dir='ltr'>Gorg</span> <span class='ocrx_word' id='word_1_269' title='bbox 611 2613 695 2646; x_wconf 88' lang='lat' dir='ltr'><strong>g..p</strong></span> <span class='ocrx_word' id='word_1_270' title='bbox 709 2602 823 2637; x_wconf 78' lang='lat' dir='ltr'><strong>450E.</strong></span> 
     </span>
     <span class='ocr_line' id='line_1_45' title="bbox 147 2644 824 2699; baseline 0.003 -20"><span class='ocrx_word' id='word_1_271' title='bbox 147 2644 301 2681; x_wconf 83' lang='lat' dir='ltr'><strong>Theaet.</strong></span> <span class='ocrx_word' id='word_1_272' title='bbox 326 2658 361 2699; x_wconf 92' lang='lat' dir='ltr'><strong>p.</strong></span> <span class='ocrx_word' id='word_1_273' title='bbox 387 2646 507 2684; x_wconf 84' lang='grc' dir='ltr'><strong>157Β</strong></span> <span class='ocrx_word' id='word_1_274' title='bbox 534 2647 615 2690; x_wconf 86' lang='lat' dir='ltr'><strong>Lys.</strong></span> <span class='ocrx_word' id='word_1_275' title='bbox 640 2659 676 2692; x_wconf 86' lang='lat' dir='ltr'><strong>p.</strong></span> <span class='ocrx_word' id='word_1_276' title='bbox 702 2647 824 2684; x_wconf 69' lang='lat'>21913.</span> 
     </span>
    </p>
   </div>
   <div class='ocr_carea' id='block_1_14' title="bbox 196 2689 845 2737">
    <p class='ocr_par' dir='ltr' id='par_1_17' title="bbox 196 2689 845 2737">
     <span class='ocr_line' id='line_1_46' title="bbox 196 2689 845 2737; baseline 0.003 -13"><span class='ocrx_word' id='word_1_277' title='bbox 196 2694 248 2725; x_wconf 83' lang='lat'><strong>12.</strong></span> <span class='ocrx_word' id='word_1_278' title='bbox 280 2689 392 2735; x_wconf 85' lang='grc' dir='ltr'><em>πρὸς</em></span> <span class='ocrx_word' id='word_1_279' title='bbox 427 2694 730 2737; x_wconf 83' lang='grc' dir='ltr'><em>Πρωταγόρου</em></span> <span class='ocrx_word' id='word_1_280' title='bbox 763 2691 824 2726; x_wconf 81' lang='grc' dir='ltr'><em>εἷ·</em></span> <span class='ocrx_word' id='word_1_281' title='bbox 841 2714 845 2716; x_wconf 59' lang='lat'><em>&lt;</em></span> 
     </span>
    </p>
   </div>
   <div class='ocr_carea' id='block_1_15' title="bbox 149 2735 824 2859">
    <p class='ocr_par' dir='ltr' id='par_1_18' title="bbox 149 2735 824 2859">
     <span class='ocr_line' id='line_1_47' title="bbox 149 2735 824 2780; baseline 0.003 -11"><span class='ocrx_word' id='word_1_282' title='bbox 149 2735 246 2780; x_wconf 85' lang='grc' dir='ltr'><em>ναι]</em></span> <span class='ocrx_word' id='word_1_283' title='bbox 289 2747 311 2770; x_wconf 87' lang='lat' dir='ltr'><strong>a</strong></span> <span class='ocrx_word' id='word_1_284' title='bbox 349 2737 564 2780; x_wconf 87' lang='lat' dir='ltr'><strong>partibus</strong></span> <span class='ocrx_word' id='word_1_285' title='bbox 603 2738 824 2780; x_wconf 82' lang='lat' dir='ltr'><strong>Protago-</strong></span> 
     </span>
     <span class='ocr_line' id='line_1_48' title="bbox 149 2781 824 2859; baseline 0.002 -45"><span class='ocrx_word' id='word_1_286' title='bbox 149 2783 404 2859; x_wconf 42' lang='lat' dir='ltr'><strong>{gem-star&amp;</strong></span> <span class='ocrx_word' id='word_1_287' title='bbox 453 2782 725 2826; x_wconf 81' lang='lat' dir='ltr'><strong>conf.Kr1&#39;iger</strong></span> <span class='ocrx_word' id='word_1_288' title='bbox 763 2781 824 2819; x_wconf 89' lang='lat' dir='ltr'><strong>Gr</strong></span> 
     </span>
    </p>
   </div>
   <div class='ocr_carea' id='block_1_16' title="bbox 198 2867 826 2915">
    <p class='ocr_par' dir='ltr' id='par_1_19' title="bbox 198 2867 826 2915">
     <span class='ocr_line' id='line_1_49' title="bbox 198 2867 826 2915; baseline 0.006 -12"><span class='ocrx_word' id='word_1_289' title='bbox 198 2873 250 2903; x_wconf 86' lang='grc'><strong>16.</strong></span> <span class='ocrx_word' id='word_1_290' title='bbox 299 2867 318 2905; x_wconf 86' lang='grc' dir='ltr'>ὁ</span> <span class='ocrx_word' id='word_1_291' title='bbox 366 2868 619 2915; x_wconf 83' lang='grc' dir='ltr'><em>Πρόδικος,</em></span> <span class='ocrx_word' id='word_1_292' title='bbox 670 2873 826 2912; x_wconf 80' lang='grc' dir='ltr'><em>Καλῶς</em></span> 
     </span>
    </p>
   </div>
   <div class='ocr_carea' id='block_1_17' title="bbox 892 1794 1573 2862">
    <p class='ocr_par' dir='ltr' id='par_1_20' title="bbox 893 1794 1573 2324">
     <span class='ocr_line' id='line_1_50' title="bbox 893 1794 1573 1890; baseline 0.006 -18"><span class='ocrx_word' id='word_1_293' title='bbox 893 1794 1573 1890; x_wconf 47' lang='lat' dir='ltr'><strong>&amp;stiffigt‘ssssiisfifflssisscafiffissoffiffvffi</strong></span> 
     </span>
     <span class='ocr_line' id='line_1_51' title="bbox 894 1884 1572 1927; baseline 0.003 -9"><span class='ocrx_word' id='word_1_294' title='bbox 894 1884 1112 1919; x_wconf 77' lang='lat' dir='ltr'><strong>cabalorum</strong></span> <span class='ocrx_word' id='word_1_295' title='bbox 1150 1885 1484 1927; x_wconf 77' lang='lat' dir='ltr'><strong>Signlficationibus</strong></span> <span class='ocrx_word' id='word_1_296' title='bbox 1519 1886 1572 1920; x_wconf 89' lang='lat' dir='ltr'><strong>ni-</strong></span> 
     </span>
     <span class='ocr_line' id='line_1_52' title="bbox 893 1929 1573 1974; baseline 0.004 -12"><span class='ocrx_word' id='word_1_297' title='bbox 893 1929 1008 1963; x_wconf 88' lang='lat' dir='ltr'><strong>mium</strong></span> <span class='ocrx_word' id='word_1_298' title='bbox 1033 1939 1169 1973; x_wconf 83' lang='lat' dir='ltr'><strong>operae</strong></span> <span class='ocrx_word' id='word_1_299' title='bbox 1195 1930 1412 1974; x_wconf 79' lang='lat' dir='ltr'><strong>collocaret,</strong></span> <span class='ocrx_word' id='word_1_300' title='bbox 1437 1931 1573 1965; x_wconf 89' lang='lat' dir='ltr'><strong>miran-</strong></span> 
     </span>
     <span class='ocr_line' id='line_1_53' title="bbox 894 1974 1573 2018; baseline 0.004 -11"><span class='ocrx_word' id='word_1_301' title='bbox 894 1974 981 2008; x_wconf 88' lang='lat' dir='ltr'><strong>dum</strong></span> <span class='ocrx_word' id='word_1_302' title='bbox 1007 1985 1080 2008; x_wconf 89' lang='lat' dir='ltr'><strong>non</strong></span> <span class='ocrx_word' id='word_1_303' title='bbox 1107 1977 1174 2016; x_wconf 84' lang='lat' dir='ltr'><strong>est,</strong></span> <span class='ocrx_word' id='word_1_304' title='bbox 1200 1975 1300 2018; x_wconf 88' lang='lat' dir='ltr'><strong>quod</strong></span> <span class='ocrx_word' id='word_1_305' title='bbox 1326 1975 1396 2010; x_wconf 90' lang='lat' dir='ltr'><strong>hoc</strong></span> <span class='ocrx_word' id='word_1_306' title='bbox 1420 1976 1501 2010; x_wconf 92' lang='lat' dir='ltr'><strong>loco</strong></span> <span class='ocrx_word' id='word_1_307' title='bbox 1518 1977 1573 2011; x_wconf 89' lang='lat' dir='ltr'><strong>ita</strong></span> 
     </span>
     <span class='ocr_line' id='line_1_54' title="bbox 893 2018 1571 2062; baseline 0.004 -10"><span class='ocrx_word' id='word_1_308' title='bbox 893 2019 1048 2061; x_wconf 89' lang='lat' dir='ltr'><strong>loquens</strong></span> <span class='ocrx_word' id='word_1_309' title='bbox 1073 2018 1281 2062; x_wconf 85' lang='lat' dir='ltr'><strong>inducitur,</strong></span> <span class='ocrx_word' id='word_1_310' title='bbox 1306 2021 1349 2054; x_wconf 88' lang='lat' dir='ltr'><strong>ut</strong></span> <span class='ocrx_word' id='word_1_311' title='bbox 1373 2021 1571 2056; x_wconf 86' lang='lat' dir='ltr'><strong>vocabulo-</strong></span> 
     </span>
     <span class='ocr_line' id='line_1_55' title="bbox 896 2063 1571 2108; baseline 0.003 -11"><span class='ocrx_word' id='word_1_312' title='bbox 896 2075 979 2097; x_wconf 90' lang='lat' dir='ltr'><strong>rum</strong></span> <span class='ocrx_word' id='word_1_313' title='bbox 1011 2063 1226 2097; x_wconf 88' lang='lat' dir='ltr'><strong>discrimina</strong></span> <span class='ocrx_word' id='word_1_314' title='bbox 1258 2075 1326 2108; x_wconf 87' lang='lat' dir='ltr'><strong>per</strong></span> <span class='ocrx_word' id='word_1_315' title='bbox 1358 2065 1481 2099; x_wconf 89' lang='lat' dir='ltr'><strong>omnia</strong></span> <span class='ocrx_word' id='word_1_316' title='bbox 1511 2077 1571 2099; x_wconf 91' lang='lat' dir='ltr'><strong>ur-</strong></span> 
     </span>
     <span class='ocr_line' id='line_1_56' title="bbox 896 2109 1571 2152; baseline 0.003 -10"><span class='ocrx_word' id='word_1_317' title='bbox 896 2110 986 2152; x_wconf 87' lang='lat' dir='ltr'><strong>geat</strong></span> <span class='ocrx_word' id='word_1_318' title='bbox 1017 2109 1054 2142; x_wconf 87' lang='lat' dir='ltr'><strong>et</strong></span> <span class='ocrx_word' id='word_1_319' title='bbox 1084 2119 1180 2151; x_wconf 88' lang='lat' dir='ltr'><strong>quae</strong></span> <span class='ocrx_word' id='word_1_320' title='bbox 1206 2109 1437 2144; x_wconf 80' lang='lat' dir='ltr'><strong>consimilem</strong></span> <span class='ocrx_word' id='word_1_321' title='bbox 1464 2122 1571 2145; x_wconf 87' lang='lat' dir='ltr'><strong>usum</strong></span> 
     </span>
     <span class='ocr_line' id='line_1_57' title="bbox 895 2153 1570 2198; baseline 0.006 -12"><span class='ocrx_word' id='word_1_322' title='bbox 895 2153 1076 2196; x_wconf 79' lang='lat' dir='ltr'><strong>habeant,</strong></span> <span class='ocrx_word' id='word_1_323' title='bbox 1102 2164 1146 2187; x_wconf 84' lang='lat' dir='ltr'><strong>ea</strong></span> <span class='ocrx_word' id='word_1_324' title='bbox 1170 2164 1345 2198; x_wconf 84' lang='lat' dir='ltr'><strong>perversa</strong></span> <span class='ocrx_word' id='word_1_325' title='bbox 1369 2155 1570 2192; x_wconf 83' lang='lat' dir='ltr'><strong>sedulitate</strong></span> 
     </span>
     <span class='ocr_line' id='line_1_58' title="bbox 895 2197 1572 2243; baseline 0.004 -12"><span class='ocrx_word' id='word_1_326' title='bbox 895 2198 1034 2241; x_wconf 83' lang='lat' dir='ltr'><strong>ubique</strong></span> <span class='ocrx_word' id='word_1_327' title='bbox 1081 2197 1246 2233; x_wconf 85' lang='lat' dir='ltr'><strong>rimetur.</strong></span> <span class='ocrx_word' id='word_1_328' title='bbox 1302 2198 1572 2243; x_wconf 87' lang='lat' dir='ltr'><strong>Perstringitur</strong></span> 
     </span>
     <span class='ocr_line' id='line_1_59' title="bbox 894 2243 1570 2327; baseline 0.006 -51"><span class='ocrx_word' id='word_1_329' title='bbox 894 2243 1250 2323; x_wconf 40' lang='lat' dir='ltr'><strong>ineptumglggnginsss</strong></span> <span class='ocrx_word' id='word_1_330' title='bbox 1272 2244 1438 2322; x_wconf 50' lang='lat' dir='ltr'><strong>sltffudium</strong></span> <span class='ocrx_word' id='word_1_331' title='bbox 1455 2245 1570 2327; x_wconf 50' lang='lat' dir='ltr'><strong>etiazrfn</strong></span> 
     </span>
     <span class='ocr_line' id='line_1_60' title="bbox 895 2298 1425 2324; baseline 0.008 -4"><span class='ocrx_word' id='word_1_332' title='bbox 895 2299 931 2321; x_wconf 91' lang='lat' dir='ltr'><strong>m</strong></span> <span class='ocrx_word' id='word_1_333' title='bbox 951 2298 992 2322; x_wconf 89' lang='lat' dir='ltr'><strong>ra</strong></span> <span class='ocrx_word' id='word_1_334' title='bbox 1322 2300 1425 2324; x_wconf 90' lang='lat' dir='ltr'><strong>enon.</strong></span> 
     </span>
    </p>

    <p class='ocr_par' dir='ltr' id='par_1_21' title="bbox 892 2299 1571 2862">
     <span class='ocr_line' id='line_1_61' title="bbox 895 2299 1571 2385; baseline 0.008 -20"><span class='ocrx_word' id='word_1_335' title='bbox 895 2299 1081 2366; x_wconf 50' lang='lat' dir='ltr'><strong>Charrffid</strong></span> <span class='ocrx_word' id='word_1_336' title='bbox 1107 2343 1144 2375; x_wconf 92' lang='lat' dir='ltr'><strong>p.</strong></span> <span class='ocrx_word' id='word_1_337' title='bbox 1166 2336 1239 2367; x_wconf 86' lang='lat'>163.</span> <span class='ocrx_word' id='word_1_338' title='bbox 1264 2333 1415 2372; x_wconf 88' lang='lat' dir='ltr'><strong>Lachet</strong></span> <span class='ocrx_word' id='word_1_339' title='bbox 1439 2301 1571 2385; x_wconf 48' lang='grc'><strong>1111.97</strong></span> 
     </span>
     <span class='ocr_line' id='line_1_62' title="bbox 895 2377 1571 2423; baseline 0.005 -12"><span class='ocrx_word' id='word_1_340' title='bbox 895 2377 1030 2420; x_wconf 83' lang='lat' dir='ltr'><strong>Cratyl</strong></span> <span class='ocrx_word' id='word_1_341' title='bbox 1048 2388 1084 2421; x_wconf 90' lang='lat' dir='ltr'><strong>p</strong></span> <span class='ocrx_word' id='word_1_342' title='bbox 1100 2380 1223 2413; x_wconf 78' lang='lat' dir='ltr'>384A.</span> <span class='ocrx_word' id='word_1_343' title='bbox 1250 2378 1374 2423; x_wconf 83' lang='lat' dir='ltr'><strong>Euthy</strong></span> <span class='ocrx_word' id='word_1_344' title='bbox 1378 2379 1471 2414; x_wconf 89' lang='lat' dir='ltr'><strong>dem.</strong></span> <span class='ocrx_word' id='word_1_345' title='bbox 1488 2379 1571 2417; x_wconf 90' lang='lat' dir='ltr'><strong>init</strong></span> 
     </span>
     <span class='ocr_line' id='line_1_63' title="bbox 895 2421 1570 2466; baseline 0.006 -11"><span class='ocrx_word' id='word_1_346' title='bbox 895 2421 940 2458; x_wconf 89' lang='lat' dir='ltr'><strong>al</strong></span> <span class='ocrx_word' id='word_1_347' title='bbox 965 2422 1058 2456; x_wconf 84' lang='lat' dir='ltr'><strong>Rem</strong></span> <span class='ocrx_word' id='word_1_348' title='bbox 1082 2423 1201 2466; x_wconf 83' lang='lat' dir='ltr'><strong>ipsam</strong></span> <span class='ocrx_word' id='word_1_349' title='bbox 1220 2424 1332 2458; x_wconf 86' lang='lat' dir='ltr'><strong>etiam</strong></span> <span class='ocrx_word' id='word_1_350' title='bbox 1351 2424 1398 2458; x_wconf 89' lang='lat' dir='ltr'><strong>ab</strong></span> <span class='ocrx_word' id='word_1_351' title='bbox 1417 2425 1570 2459; x_wconf 86' lang='lat' dir='ltr'><strong>Socrate</strong></span> 
     </span>
     <span class='ocr_line' id='line_1_64' title="bbox 893 2467 1571 2546; baseline 0.004 -46"><span class='ocrx_word' id='word_1_352' title='bbox 893 2467 1021 2546; x_wconf 46' lang='lat' dir='ltr'><strong>maggnfii2</strong></span> <span class='ocrx_word' id='word_1_353' title='bbox 1056 2468 1290 2502; x_wconf 82' lang='lat' dir='ltr'><strong>aestimatam</strong></span> <span class='ocrx_word' id='word_1_354' title='bbox 1327 2479 1405 2503; x_wconf 85' lang='lat' dir='ltr'><strong>esse</strong></span> <span class='ocrx_word' id='word_1_355' title='bbox 1442 2471 1571 2504; x_wconf 84' lang='lat' dir='ltr'><strong>auctor</strong></span> 
     </span>
     <span class='ocr_line' id='line_1_65' title="bbox 893 2512 1570 2609; baseline 0.001 -18"><span class='ocrx_word' id='word_1_356' title='bbox 893 2523 932 2594; x_wconf 65' lang='grc' dir='ltr'><strong>ἶῗ</strong></span> <span class='ocrx_word' id='word_1_357' title='bbox 958 2557 1002 2593; x_wconf 86' lang='lat'><strong>11.</strong></span> <span class='ocrx_word' id='word_1_358' title='bbox 1029 2512 1570 2609; x_wconf 45' lang='lat' dir='ltr'><strong>{J‘issfffffissdfflssffitsszissnffi</strong></span> 
     </span>
     <span class='ocr_line' id='line_1_66' title="bbox 892 2602 1569 2647; baseline 0 -10"><span class='ocrx_word' id='word_1_359' title='bbox 892 2603 1111 2647; x_wconf 79' lang='lat' dir='ltr'><strong>personatus</strong></span> <span class='ocrx_word' id='word_1_360' title='bbox 1138 2602 1306 2637; x_wconf 84' lang='lat' dir='ltr'><strong>Socrates</strong></span> <span class='ocrx_word' id='word_1_361' title='bbox 1331 2604 1431 2647; x_wconf 87' lang='lat' dir='ltr'><strong>apud</strong></span> <span class='ocrx_word' id='word_1_362' title='bbox 1457 2614 1569 2637; x_wconf 90' lang='lat' dir='ltr'><strong>com1-</strong></span> 
     </span>
     <span class='ocr_line' id='line_1_67' title="bbox 894 2647 1570 2691; baseline 0.003 -10"><span class='ocrx_word' id='word_1_363' title='bbox 894 2658 975 2681; x_wconf 87' lang='lat' dir='ltr'><strong>cum</strong></span> <span class='ocrx_word' id='word_1_364' title='bbox 999 2648 1076 2682; x_wconf 89' lang='lat' dir='ltr'><strong>tam</strong></span> <span class='ocrx_word' id='word_1_365' title='bbox 1102 2647 1221 2681; x_wconf 85' lang='lat' dir='ltr'><strong>multa</strong></span> <span class='ocrx_word' id='word_1_366' title='bbox 1245 2647 1387 2691; x_wconf 86' lang='lat' dir='ltr'><strong>garriat</strong></span> <span class='ocrx_word' id='word_1_367' title='bbox 1403 2648 1449 2683; x_wconf 86' lang='lat' dir='ltr'><strong>de</strong></span> <span class='ocrx_word' id='word_1_368' title='bbox 1467 2650 1570 2683; x_wconf 87' lang='lat' dir='ltr'><strong>recta</strong></span> 
     </span>
     <span class='ocr_line' id='line_1_68' title="bbox 893 2692 1566 2737; baseline 0.002 -11"><span class='ocrx_word' id='word_1_369' title='bbox 893 2693 1082 2726; x_wconf 87' lang='lat' dir='ltr'><strong>nominum</strong></span> <span class='ocrx_word' id='word_1_370' title='bbox 1108 2692 1263 2726; x_wconf 87' lang='lat' dir='ltr'><strong>ratione</strong></span> <span class='ocrx_word' id='word_1_371' title='bbox 1302 2692 1350 2726; x_wconf 89' lang='lat' dir='ltr'><strong>Et</strong></span> <span class='ocrx_word' id='word_1_372' title='bbox 1366 2693 1465 2737; x_wconf 86' lang='lat' dir='ltr'><strong>apud</strong></span> <span class='ocrx_word' id='word_1_373' title='bbox 1482 2692 1566 2728; x_wconf 88' lang='lat' dir='ltr'><strong>Pla-</strong></span> 
     </span>
     <span class='ocr_line' id='line_1_69' title="bbox 893 2737 1569 2782; baseline 0.001 -12"><span class='ocrx_word' id='word_1_374' title='bbox 893 2739 1019 2772; x_wconf 89' lang='lat' dir='ltr'><strong>tonem</strong></span> <span class='ocrx_word' id='word_1_375' title='bbox 1045 2737 1216 2772; x_wconf 88' lang='lat' dir='ltr'><strong>Socrates</strong></span> <span class='ocrx_word' id='word_1_376' title='bbox 1246 2737 1327 2782; x_wconf 85' lang='lat' dir='ltr'><strong>ipse</strong></span> <span class='ocrx_word' id='word_1_377' title='bbox 1358 2749 1395 2772; x_wconf 83' lang='lat' dir='ltr'><strong>se</strong></span> <span class='ocrx_word' id='word_1_378' title='bbox 1421 2737 1569 2772; x_wconf 88' lang='lat' dir='ltr'><strong>Prodici</strong></span> 
     </span>
     <span class='ocr_line' id='line_1_70' title="bbox 894 2781 1567 2826; baseline 0.001 -11"><span class='ocrx_word' id='word_1_379' title='bbox 894 2781 1117 2826; x_wconf 85' lang='lat' dir='ltr'><strong>discipulum</strong></span> <span class='ocrx_word' id='word_1_380' title='bbox 1148 2782 1361 2826; x_wconf 88' lang='lat' dir='ltr'><strong>profitetur,</strong></span> <span class='ocrx_word' id='word_1_381' title='bbox 1397 2782 1462 2817; x_wconf 86' lang='lat' dir='ltr'><strong>sed</strong></span> <span class='ocrx_word' id='word_1_382' title='bbox 1494 2793 1567 2817; x_wconf 88' lang='lat' dir='ltr'><strong>non</strong></span> 
     </span>
     <span class='ocr_line' id='line_1_71' title="bbox 895 2827 1567 2862; baseline 0.003 -2"><span class='ocrx_word' id='word_1_383' title='bbox 895 2837 973 2861; x_wconf 85' lang='lat' dir='ltr'><strong>sme</strong></span> <span class='ocrx_word' id='word_1_384' title='bbox 1013 2827 1157 2861; x_wconf 86' lang='lat' dir='ltr'><strong>urbana</strong></span> <span class='ocrx_word' id='word_1_385' title='bbox 1188 2828 1347 2862; x_wconf 85' lang='lat' dir='ltr'><strong>hominis</strong></span> <span class='ocrx_word' id='word_1_386' title='bbox 1386 2827 1567 2862; x_wconf 87' lang='lat' dir='ltr'><strong>irrisione</strong></span> 
     </span>
    </p>
   </div>
   <div class='ocr_carea' id='block_1_18' title="bbox 895 2871 1369 2916">
    <p class='ocr_par' dir='ltr' id='par_1_22' title="bbox 895 2871 1369 2916">
     <span class='ocr_line' id='line_1_72' title="bbox 895 2871 1369 2916; baseline 0.006 -11"><span class='ocrx_word' id='word_1_387' title='bbox 895 2883 929 2905; x_wconf 81' lang='lat' dir='ltr'><strong>v.</strong></span> <span class='ocrx_word' id='word_1_388' title='bbox 955 2871 1003 2906; x_wconf 87' lang='lat' dir='ltr'><strong>ad</strong></span> <span class='ocrx_word' id='word_1_389' title='bbox 1027 2883 1063 2916; x_wconf 87' lang='lat' dir='ltr'><strong>p.</strong></span> <span class='ocrx_word' id='word_1_390' title='bbox 1091 2876 1155 2907; x_wconf 81' lang='lat'><strong>341</strong></span> <span class='ocrx_word' id='word_1_391' title='bbox 1176 2873 1218 2909; x_wconf 81' lang='lat' dir='ltr'><strong>A.</strong></span> <span class='ocrx_word' id='word_1_392' title='bbox 1243 2872 1369 2908; x_wconf 78' lang='lat' dir='ltr'><strong>Stallb.</strong></span> 
     </span>
    </p>
   </div>
   <div class='ocr_carea' id='block_1_19' title="bbox 1600 1305 1665 1337">
    <p class='ocr_par' dir='ltr' id='par_1_23' title="bbox 1600 1305 1665 1337">
     <span class='ocr_line' id='line_1_73' title="bbox 1600 1305 1665 1337; baseline 0.031 -2"><span class='ocrx_word' id='word_1_393' title='bbox 1600 1305 1665 1337; x_wconf 85' lang='lat'><strong>337</strong></span> 
     </span>
    </p>
   </div>
  </div>
 </body>
</html>
