1939 3214
341 125 396 165 26
884 121 1251 157 PROLEGOMENA

347 224 573 265 maximam
607 237 775 265 causam
806 223 1053 277 reperimUS,
1087 223 1197 277 quod
1227 223 1272 263 in
1304 236 1352 263 eo
1373 223 1565 265 Platonis
1587 224 1637 264 de
1662 223 1767 265 ideis

348 281 567 322 doctrinae
599 280 777 334 vestigia
809 282 924 320 certa
954 293 1043 320 non
1065 278 1467 320 animadvertantur.
1526 279 1700 334 Verum,
1731 279 1764 321 si

345 337 444 391 quid
476 337 610 386 video,
642 337 740 376 inde
771 350 860 377 non
891 350 1152 389 consequens
1184 338 1268 389 est,
1300 335 1417 376 illam
1448 334 1686 377 doctrinam
1717 350 1765 377 6ο

344 396 551 447 tempore,
592 405 673 446 quo
712 392 819 433 liber
860 392 1125 446 conscriptus
1167 393 1251 445 est,
1293 405 1317 432 a
1357 391 1537 432 Platone
1575 391 1766 433 nondum

343 450 475 490 fuisse
515 448 821 503 excogitatam,
861 449 947 489 imo
979 448 1015 489 si
1046 462 1114 501 ea,
1155 461 1261 501 quae
1291 447 1415 488 modo
1446 447 1766 502 disputavimus,

344 506 542 546 idoneam
573 504 736 545 habent
766 504 890 545 fidem
913 507 954 545 et
971 503 1165 545 Socrates
1187 504 1231 544 in
1253 503 1493 558 Protagora
1514 517 1611 545 suas
1631 504 1765 558 ipsius

342 564 505 616 partes,
547 575 634 601 non
674 560 889 613 Platonis,
936 560 1048 614 agit,
1095 560 1158 600 illi
1196 559 1413 601 doctrinae
1452 559 1766 601 illustrissimae

342 617 507 658 nullum
538 616 583 657 in
613 616 695 657 1106
726 630 919 657 3611110116
950 616 1090 657 locum
1119 615 1315 657 relictum
1345 616 1476 657 fuisse
1498 618 1689 670 apparet,
1719 618 1769 658 ut

344 689 395 714 ex
426 688 473 714 6ο
505 672 615 726 quod
639 671 826 714 Socratis
857 672 1014 726 placita
1044 672 1088 712 in
1120 672 1289 727 dialogo
1321 686 1409 713 non
1441 673 1494 713 ad
1517 686 1610 713 eam
1631 672 1768 713 relata

342 731 459 780 sunt,
500 729 549 769 de
588 731 780 783 tempore
812 728 1056 784 scriptionis
1088 729 1230 782 aliqua
1261 728 1493 782 probabilis
1525 730 1769 769 coniectura

343 786 489 840 colligi
546 799 633 826 non
680 785 828 838 possit.
889 785 1038 839 Neque
1082 785 1291 825 virtutum
1330 799 1528 825 numerus
1567 784 1620 825 ad
1659 783 1768 826 hanc

344 842 637 896 quaestionem
670 843 846 895 spectat.
899 841 1161 882 Numeratur
1191 841 1305 882 enim
1335 841 1380 882 in
1411 840 1490 882 hoc
1521 841 1630 882 libro
1655 840 1769 882 inter

347 898 526 939 virtutes
559 897 808 947 cardinales,
840 911 944 951 quas
966 902 1134 951 vocant,
1166 899 1334 951 praeter
1354 897 1572 950 iustitiam,
1604 897 1769 951 sapien-

343 956 467 1007 tiam,
505 954 837 1007 temperantiam
877 955 919 994 et
956 953 1253 995 fortitudinem
1291 954 1420 994 etiam
1450 954 1609 1007 pietas,
1649 953 1768 994 6111113

345 1011 468 1051 Plato
500 1011 545 1050 in
575 1011 627 1051 iis
660 1010 790 1060 libris,
825 1011 894 1064 qui
925 1010 1159 1064 posteriore
1189 1013 1379 1064 tempore
1401 1010 1549 1063 scripti
1570 1008 1770 1049 vident-ur

344 1081 455 1120 6336,
495 1065 745 1120 plerumque
782 1066 944 1106 nullam
975 1066 1114 1107 iniicit
1143 1066 1422 1119 mentionem,
1459 1065 1645 1106 iustitiae
1676 1079 1769 1106 eam

344 1122 686 1186 subiungendam
718 1137 808 1163 6336
839 1125 964 1166 ratus.
1016 1125 1075 1163 At
1097 1122 1353 1185 Protagoras
1383 1122 1429 1162 in
1453 1121 1533 1163 1106
1556 1120 1768 1175 colloquio

344 1180 530 1233 quinque
561 1179 733 1219 viltutis
764 1181 906 1232 partes
939 1179 1143 1220 discernit
1173 1178 1292 1232 isque
1322 1179 1526 1232 pietatem
1556 1192 1643 1218 una
1673 1191 1770 1218 cum

343 1236 511 1276 iustitia
542 1237 584 1275 et
613 1236 900 1289 temperantia
930 1235 1013 1276 iam
1045 1236 1091 1275 in
1120 1235 1313 1276 oratione
1343 1235 1393 1275 de
1414 1234 1584 1275 virtutis
1606 1234 1770 1288 origine

342 1295 383 1332 et
433 1291 659 1345 disciplina
697 1293 1120 1344 commemoraverat,
1168 1290 1383 1341 Socrates,
1432 1291 1504 1345 qui
1542 1305 1581 1344 p
1619 1290 1699 1330 361
1734 1289 1769 1330 B

343 1348 645 1402 disputationis
705 1362 914 1388 summam
964 1348 1139 1402 repetit,
1199 1348 1403 1401 pietatem
1451 1345 1769 1400 praetermittit.

343 1405 599 1473 ἐπιχειρεῖς,
640 1404 799 1473 inquit,
837 1401 1090 1456 ἀποδεῖξαι,
1132 1401 1192 1451 ὠς
1230 1404 1376 1444 πάντα
1415 1402 1615 1473 χρήματά
1647 1401 1771 1443 ἐστιν

344 1460 561 1514 ἐπιστήμη
603 1459 677 1500 καὶ
715 1458 740 1513 ἡ
774 1460 1040 1513 δικαιοσύνῃ
1073 1460 1147 1500 καὶ
1177 1456 1203 1513 ἡ
1237 1459 1506 1513 σωφροσύνη
1538 1457 1612 1499 καὶ
1641 1455 1668 1512 ἡ
1697 1456 1769 1500 ἆν-

343 1518 481 1568 ὄρεία.
524 1516 622 1557 Νο11
647 1516 840 1569 equidem
872 1516 1047 1570 ignarus
1085 1530 1195 1567 sum,
1227 1516 1431 1569 pietatem
1463 1531 1487 1557 a
1519 1514 1693 1557 Socrate
1723 1515 1768 1556 in

343 1573 550 1613 virtutum
581 1587 758 1613 numero
791 1575 833 1613 et
862 1573 1092 1627 praecipuo
1124 1572 1305 1626 quodam
1336 1572 1428 1613 1060
1459 1572 1642 1625 positam
1663 1585 1767 1624 6336,

341 1629 413 1670 sed
453 1631 557 1683 quot
604 1629 772 1669 virtutis
813 1629 973 1670 formas
1017 1628 1164 1679 Plato,
1217 1642 1345 1682 quum
1392 1627 1506 1669 hunc
1551 1627 1769 1683 dialogum

341 1686 564 1735 scriberet,
596 1685 852 1738 probaverit,
884 1685 927 1726 id
959 1684 1195 1725 rationibus
1228 1684 1469 1725 confirmari
1499 1698 1621 1737 posse
1641 1697 1767 1739 nego.

456 1741 550 1782 Iam
581 1743 616 1781 si
648 1742 878 1795 quaeritur,
911 1755 992 1796 quo
1023 1740 1196 1781 tandem
1226 1743 1416 1804 temp-ore
1447 1740 1555 1781 liber
1586 1740 1768 1794 scriptus

342 1812 433 1838 esse
466 1797 678 1846 videatur,
712 1801 874 1838 certum
904 1797 1114 1852 quendam
1146 1811 1305 1838 annum
1336 1797 1381 1837 in
1411 1811 1455 1837 re
1486 1811 1587 1851 prae
1618 1796 1768 1838 ceteris

340 1854 505 1895 lubrica
544 1830 803 1895 constituere
843 1868 942 1895 sane
974 1856 1038 1895 est
1068 1853 1254 1897 difficile.
1313 1852 1365 1893 In
1395 1853 1542 1907 primis
1579 1853 1768 1894 Platonis

342 1911 516 1965 scriptis
564 1909 678 1950 hunc
722 1910 874 1951 librum
920 1909 1231 1950 numeiandum
1270 1923 1381 1962 esse,
1426 1909 1472 1949 in
1512 1924 1560 1950 eo
1599 1909 1768 1963 quidem

339 1981 487 2007 omnes
522 1967 811 2019 consentiunt,
845 1966 1032 2019 satisque
1064 1967 1232 2007 constat
1260 1979 1355 2006 eum
1385 1965 1502 2019 prius
1525 1966 1766 2006 confectum

341 2037 431 2064 esse
464 2037 590 2076 quam
622 2021 917 2076 Lachetemssss)
949 2025 992 2063 et
1013 2022 1231 2075 Gorgiam.
1285 2021 1500 2063 Orationis
1530 2021 1768 2063 festivitate

342 2093 392 2120 ac
426 2079 652 2131 varietate,
694 2078 879 2119 dilucida
908 2093 1049 2119 rerum
1081 2077 1366 2131 descriptione
1398 2080 1440 2119 et
1471 2078 1693 2119 sententiis
1723 2078 1768 2117 in

343 2135 485 2176 aliena
516 2134 656 2175 studia
687 2134 859 2175 directis
891 2133 1107 2175 Phaedrus
1140 2136 1182 2175 et
1205 2134 1464 2188 Protagoras
1494 2134 1607 2175 inter
1637 2148 1681 2174 se
1713 2134 1768 2174 si-

343 2191 512 2232 millimi
555 2192 676 2243 sunt,
726 2192 768 2232 et
806 2198 935 2244 quum
972 2190 1042 2231 1116
1081 2192 1179 2231 ante
1220 2204 1381 2231 annum
1421 2190 1769 2231 trecentesimum

341 2247 667 2302 nonagesimum
712 2247 940 2300 sextum39)
985 2247 1245 2301 compositus
1284 2260 1373 2288 esse
1411 2246 1624 2297 videatur,
1673 2260 1769 2287 cum

340 2303 641 2357 probabilitate
687 2303 892 2357 suspicari
937 2302 1054 2353 licet,
1101 2303 1380 2357 Protagoram
1426 2302 1612 2343 triennio
1655 2302 1769 2343 inter

339 2360 453 2400 hunc
496 2373 619 2413 quem
656 2360 779 2413 posui
818 2373 977 2400 annum
1017 2362 1060 2400 et
1098 2358 1282 2400 Socratis
1321 2360 1501 2399 mortem
1540 2359 1766 2400 interiecto

342 2430 432 2457 6336
464 2415 764 2469 conscriptum.
1192 2441 1194 2443 >

459 2471 605 2526 Longe
643 2474 785 2512 autem
822 2471 875 2511 ab
913 2471 986 2512 illo
1018 2473 1208 2525 tempore
1238 2470 1278 2510 id
1312 2469 1523 2511 diversum
1555 2472 1640 2524 est,
1683 2484 1766 2524 quo

341 2527 465 2569 Plato
513 2527 628 2568 hunc
675 2541 913 2569 sermonem
960 2527 1154 2568 habitum
1200 2540 1289 2567 6336
1325 2526 1465 2580 fingit.
1525 2526 1767 2567 Videndum

344 2584 476 2639 igitur
496 2597 610 2625 nunc
632 2586 709 2635 est,
745 2583 854 2639 quod
876 2583 956 2624 sibi
979 2587 1145 2638 tempus
1166 2583 1445 2637 proposuerit,
1469 2596 1551 2637 quo
1571 2583 1766 2624 homines

456 2686 512 2724 38)
538 2684 623 2719 Vid.
650 2694 746 2727 quae
773 2684 818 2717 de
844 2683 913 2718 hoc
939 2683 1086 2728 dialogo
1113 2682 1319 2726 disputavit
1342 2682 1387 2717 H.
1413 2682 1555 2717 Becker
1579 2682 1617 2716 in
1633 2682 1763 2718 Jahrb

339 2730 366 2764 t.
395 2729 439 2763 61.
464 2728 595 2772 philol.
623 2695 708 2763 1380
733 2740 768 2772 p.
794 2733 910 2763 305—
919 2733 996 2766 316.

339 2818 362 2851 l.
388 2818 412 2853 l
438 2773 971 2862 Ι)39)7007011ξ7ΩΞ1113611111111)16
996 2773 1304 2817 Abfassungszeit
1336 2772 1399 2807 des
1427 2772 1571 2817 platon
1595 2771 1765 2806 Ph‘adrus
