<?xml version="1.0" encoding="UTF-8"?>
<!DOCTYPE html PUBLIC "-//W3C//DTD XHTML 1.0 Transitional//EN"
    "http://www.w3.org/TR/xhtml1/DTD/xhtml1-transitional.dtd">
<html xmlns="http://www.w3.org/1999/xhtml" xml:lang="en" lang="en">
 <head>
  <title>
</title>
<meta http-equiv="Content-Type" content="text/html;charset=utf-8" />
  <meta name='ocr-system' content='tesseract 3.04.00' />
  <meta name='ocr-capabilities' content='ocr_page ocr_carea ocr_par ocr_line ocrx_word'/>
</head>
<body>
  <div class='ocr_page' id='page_1' title='image "./protagorascumpro00platuoft/protagorascumpro00platuoft_0141.png"; bbox 0 0 1907 3230; ppageno 0'>
   <div class='ocr_carea' id='block_1_1' title="bbox 567 163 1152 203">
    <p class='ocr_par' dir='ltr' id='par_1_1' title="bbox 567 163 1152 203">
     <span class='ocr_line' id='line_1_1' title="bbox 567 163 1152 203; baseline -0.005 -1"><span class='ocrx_word' id='word_1_1' title='bbox 567 165 904 203; x_wconf 85' lang='lat' dir='ltr'><strong>PROTAGORAS.</strong></span> <span class='ocrx_word' id='word_1_2' title='bbox 932 165 970 200; x_wconf 88' lang='lat' dir='ltr'>P</span> <span class='ocrx_word' id='word_1_3' title='bbox 997 168 1062 200; x_wconf 82' lang='lat'><em>339</em></span> <span class='ocrx_word' id='word_1_4' title='bbox 1086 163 1152 199; x_wconf 88' lang='lat' dir='ltr'><em>ST.</em></span> 
     </span>
    </p>
   </div>
   <div class='ocr_carea' id='block_1_2' title="bbox 1487 163 1564 206">
    <p class='ocr_par' dir='ltr' id='par_1_2' title="bbox 1487 163 1564 206">
     <span class='ocr_line' id='line_1_2' title="bbox 1487 163 1564 206; baseline 0.013 -1"><span class='ocrx_word' id='word_1_5' title='bbox 1487 163 1564 206; x_wconf 84' lang='lat'><em>129</em></span> 
     </span>
    </p>
   </div>
   <div class='ocr_carea' id='block_1_3' title="bbox 146 256 1566 325">
    <p class='ocr_par' dir='ltr' id='par_1_3' title="bbox 146 256 1566 325">
     <span class='ocr_line' id='line_1_3' title="bbox 146 256 1566 325; baseline -0.005 -13"><span class='ocrx_word' id='word_1_6' title='bbox 146 287 227 325; x_wconf 87' lang='grc' dir='ltr'><em>μαι</em></span> <span class='ocrx_word' id='word_1_7' title='bbox 256 267 386 312; x_wconf 85' lang='grc' dir='ltr'><em>ὁπόσ’</em></span> <span class='ocrx_word' id='word_1_8' title='bbox 419 265 476 310; x_wconf 72' lang='grc' dir='ltr'><em>ἄν</em></span> <span class='ocrx_word' id='word_1_9' title='bbox 506 262 637 318; x_wconf 78' lang='grc' dir='ltr'><em>οὗτος</em></span> <span class='ocrx_word' id='word_1_10' title='bbox 666 268 884 321; x_wconf 80' lang='grc' dir='ltr'><em>βούληται</em></span> <span class='ocrx_word' id='word_1_11' title='bbox 917 266 1103 319; x_wconf 79' lang='grc' dir='ltr'><em>ἐρωτᾶν,</em></span> <span class='ocrx_word' id='word_1_12' title='bbox 1135 264 1272 305; x_wconf 81' lang='grc' dir='ltr'><em>πάλιν</em></span> <span class='ocrx_word' id='word_1_13' title='bbox 1303 256 1439 313; x_wconf 79' lang='grc' dir='ltr'><em>οὗτος</em></span> <span class='ocrx_word' id='word_1_14' title='bbox 1468 263 1566 318; x_wconf 83' lang='grc' dir='ltr'><em>ἐμοὶ</em></span> 
     </span>
    </p>
   </div>
   <div class='ocr_carea' id='block_1_4' title="bbox 120 333 763 390">
    <p class='ocr_par' dir='ltr' id='par_1_4' title="bbox 120 333 763 390">
     <span class='ocr_line' id='line_1_4' title="bbox 120 333 763 390; baseline -0.003 -11.9"><span class='ocrx_word' id='word_1_15' title='bbox 120 337 285 390; x_wconf 83' lang='grc' dir='ltr'><em>λόγον</em></span> <span class='ocrx_word' id='word_1_16' title='bbox 321 334 550 390; x_wconf 81' lang='grc' dir='ltr'><em>ὑποσχέτω</em></span> <span class='ocrx_word' id='word_1_17' title='bbox 589 333 763 390; x_wconf 81' lang='grc' dir='ltr'><em>ὁμοίως.</em></span> 
     </span>
    </p>
   </div>
   <div class='ocr_carea' id='block_1_5' title="bbox 826 329 1568 385">
    <p class='ocr_par' dir='ltr' id='par_1_5' title="bbox 826 329 1568 385">
     <span class='ocr_line' id='line_1_5' title="bbox 826 329 1568 385; baseline -0.004 -11"><span class='ocrx_word' id='word_1_18' title='bbox 826 331 906 375; x_wconf 76' lang='grc' dir='ltr'><em>ἐὰν</em></span> <span class='ocrx_word' id='word_1_19' title='bbox 951 331 1034 373; x_wconf 88' lang='grc' dir='ltr'><em>οὐν</em></span> <span class='ocrx_word' id='word_1_20' title='bbox 1077 329 1135 385; x_wconf 81' lang='grc' dir='ltr'><em>μή</em></span> <span class='ocrx_word' id='word_1_21' title='bbox 1182 331 1295 385; x_wconf 83' lang='grc' dir='ltr'><em>δοκῇ</em></span> <span class='ocrx_word' id='word_1_22' title='bbox 1333 330 1568 385; x_wconf 84' lang='grc' dir='ltr'><em>πρόθυμος</em></span> 
     </span>
    </p>
   </div>
   <div class='ocr_carea' id='block_1_6' title="bbox 109 396 1620 669">
    <p class='ocr_par' dir='ltr' id='par_1_6' title="bbox 109 396 1620 658">
     <span class='ocr_line' id='line_1_6' title="bbox 151 396 1565 457; baseline -0.005 -12"><span class='ocrx_word' id='word_1_23' title='bbox 151 400 265 445; x_wconf 80' lang='grc' dir='ltr'><em>εἶναι</em></span> <span class='ocrx_word' id='word_1_24' title='bbox 296 401 407 457; x_wconf 84' lang='grc' dir='ltr'><em>πρὸς</em></span> <span class='ocrx_word' id='word_1_25' title='bbox 437 400 545 444; x_wconf 82' lang='grc' dir='ltr'><em>αὐτὸ</em></span> <span class='ocrx_word' id='word_1_26' title='bbox 575 400 624 443; x_wconf 83' lang='grc' dir='ltr'><em>τὸ</em></span> <span class='ocrx_word' id='word_1_27' title='bbox 657 399 950 454; x_wconf 74' lang='grc' dir='ltr'><em>ἐρωτώμενον</em></span> <span class='ocrx_word' id='word_1_28' title='bbox 988 397 1332 451; x_wconf 76' lang='grc' dir='ltr'><em>ἀποκρίνεσθαι,</em></span> <span class='ocrx_word' id='word_1_29' title='bbox 1373 397 1448 439; x_wconf 81' lang='grc' dir='ltr'><em>καὶ</em></span> <span class='ocrx_word' id='word_1_30' title='bbox 1480 396 1565 451; x_wconf 84' lang='grc' dir='ltr'><em>ἐγω</em></span> 
     </span>
     <span class='ocr_line' id='line_1_7' title="bbox 151 461 1567 525; baseline -0.006 -13"><span class='ocrx_word' id='word_1_31' title='bbox 151 469 225 512; x_wconf 84' lang='grc' dir='ltr'><em>καὶ</em></span> <span class='ocrx_word' id='word_1_32' title='bbox 264 469 390 524; x_wconf 82' lang='grc' dir='ltr'><em>ὑμεῖς</em></span> <span class='ocrx_word' id='word_1_33' title='bbox 432 470 561 525; x_wconf 85' lang='grc' dir='ltr'><em>κοινῇ</em></span> <span class='ocrx_word' id='word_1_34' title='bbox 590 467 841 522; x_wconf 81' lang='grc' dir='ltr'><em>δεησόμεθα</em></span> <span class='ocrx_word' id='word_1_35' title='bbox 872 464 1012 508; x_wconf 85' lang='grc' dir='ltr'><em>αὐτοῦ</em></span> <span class='ocrx_word' id='word_1_36' title='bbox 1043 463 1154 518; x_wconf 79' lang='grc' dir='ltr'><em>ἅπερ</em></span> <span class='ocrx_word' id='word_1_37' title='bbox 1186 461 1312 519; x_wconf 84' lang='grc' dir='ltr'><em>ὑμεῖς</em></span> <span class='ocrx_word' id='word_1_38' title='bbox 1344 464 1470 518; x_wconf 84' lang='grc' dir='ltr'><em>ἐμοῦ,</em></span> <span class='ocrx_word' id='word_1_39' title='bbox 1510 463 1567 518; x_wconf 81' lang='grc' dir='ltr'><em>μὴ</em></span> 
     </span>
     <span class='ocr_line' id='line_1_8' title="bbox 109 530 1569 592; baseline -0.005 -12"><span class='ocrx_word' id='word_1_40' title='bbox 109 555 128 581; x_wconf 82' lang='lat'>5</span> <span class='ocrx_word' id='word_1_41' title='bbox 151 538 438 592; x_wconf 75' lang='grc' dir='ltr'><em>διαφθείρειν</em></span> <span class='ocrx_word' id='word_1_42' title='bbox 467 534 549 590; x_wconf 80' lang='grc' dir='ltr'><em>τήν</em></span> <span class='ocrx_word' id='word_1_43' title='bbox 580 536 845 577; x_wconf 70' lang='grc' dir='ltr'><strong><em>συνουσίαν.</em></strong></span> <span class='ocrx_word' id='word_1_44' title='bbox 891 534 966 575; x_wconf 79' lang='grc' dir='ltr'><em>καὶ</em></span> <span class='ocrx_word' id='word_1_45' title='bbox 996 530 1134 574; x_wconf 75' lang='grc' dir='ltr'><em>οὐδὲν</em></span> <span class='ocrx_word' id='word_1_46' title='bbox 1164 533 1236 573; x_wconf 90' lang='grc' dir='ltr'><em>δεῖ</em></span> <span class='ocrx_word' id='word_1_47' title='bbox 1253 530 1416 573; x_wconf 84' lang='grc' dir='ltr'><em>τούτου</em></span> <span class='ocrx_word' id='word_1_48' title='bbox 1437 531 1569 573; x_wconf 81' lang='grc' dir='ltr'><em>ἕνεκα</em></span> 
     </span>
     <span class='ocr_line' id='line_1_9' title="bbox 151 596 1620 669; baseline -0.005 -23"><span class='ocrx_word' id='word_1_49' title='bbox 151 604 231 646; x_wconf 80' lang='grc' dir='ltr'><em>ἕνα</em></span> <span class='ocrx_word' id='word_1_50' title='bbox 255 603 496 658; x_wconf 74' lang='grc' dir='ltr'><em>ἐπιστάτην</em></span> <span class='ocrx_word' id='word_1_51' title='bbox 516 603 744 656; x_wconf 80' lang='grc' dir='ltr'><em>γενέσθαι,</em></span> <span class='ocrx_word' id='word_1_52' title='bbox 768 598 881 642; x_wconf 75' lang='grc' dir='ltr'><em>ἀλλὰ</em></span> <span class='ocrx_word' id='word_1_53' title='bbox 901 600 1065 669; x_wconf 55' lang='grc' dir='ltr'><em>παντες</em></span> <span class='ocrx_word' id='word_1_54' title='bbox 1086 601 1215 653; x_wconf 84' lang='grc' dir='ltr'><em>κοινῇ</em></span> <span class='ocrx_word' id='word_1_55' title='bbox 1240 596 1565 653; x_wconf 80' lang='grc' dir='ltr'><em>ἐπιστατήσετε.</em></span> <span class='ocrx_word' id='word_1_56' title='bbox 1593 605 1620 639; x_wconf 89' lang='grc' dir='ltr'><strong>Ε</strong></span> 
     </span>
    </p>
   </div>
   <div class='ocr_carea' id='block_1_7' title="bbox 150 663 1047 722">
    <p class='ocr_par' dir='ltr' id='par_1_7' title="bbox 150 663 1047 722">
     <span class='ocr_line' id='line_1_10' title="bbox 150 663 1047 722; baseline -0.007 -8"><span class='ocrx_word' id='word_1_57' title='bbox 150 670 315 713; x_wconf 80' lang='grc' dir='ltr'><em>Ἐδόκει</em></span> <span class='ocrx_word' id='word_1_58' title='bbox 353 670 489 712; x_wconf 81' lang='grc' dir='ltr'><em>πᾶσιν</em></span> <span class='ocrx_word' id='word_1_59' title='bbox 531 667 647 710; x_wconf 83' lang='grc' dir='ltr'><em>οὕτω</em></span> <span class='ocrx_word' id='word_1_60' title='bbox 680 668 888 722; x_wconf 83' lang='grc' dir='ltr'><em>ποιητέον</em></span> <span class='ocrx_word' id='word_1_61' title='bbox 920 663 1047 708; x_wconf 83' lang='grc' dir='ltr'><em>εἶναι.</em></span> 
     </span>
    </p>
   </div>
   <div class='ocr_carea' id='block_1_8' title="bbox 1107 663 1571 719">
    <p class='ocr_par' dir='ltr' id='par_1_8' title="bbox 1107 663 1571 719">
     <span class='ocr_line' id='line_1_11' title="bbox 1107 663 1571 719; baseline -0.002 -12"><span class='ocrx_word' id='word_1_62' title='bbox 1107 665 1181 707; x_wconf 82' lang='grc' dir='ltr'><em>καὶ</em></span> <span class='ocrx_word' id='word_1_63' title='bbox 1212 663 1235 707; x_wconf 92' lang='grc' dir='ltr'>ὁ</span> <span class='ocrx_word' id='word_1_64' title='bbox 1266 667 1571 719; x_wconf 76' lang='grc' dir='ltr'><em>Πρωταγόρας</em></span> 
     </span>
    </p>
   </div>
   <div class='ocr_carea' id='block_1_9' title="bbox 98 731 1571 925">
    <p class='ocr_par' dir='ltr' id='par_1_9' title="bbox 98 731 1571 925">
     <span class='ocr_line' id='line_1_12' title="bbox 152 731 1571 792; baseline -0.006 -12"><span class='ocrx_word' id='word_1_65' title='bbox 152 739 273 780; x_wconf 83' lang='grc' dir='ltr'><em>πάνυ</em></span> <span class='ocrx_word' id='word_1_66' title='bbox 312 738 396 792; x_wconf 79' lang='grc' dir='ltr'><em>μὲν</em></span> <span class='ocrx_word' id='word_1_67' title='bbox 433 734 515 778; x_wconf 82' lang='grc' dir='ltr'><em>οὐκ</em></span> <span class='ocrx_word' id='word_1_68' title='bbox 551 735 733 790; x_wconf 80' lang='grc' dir='ltr'><em>ἤθελεν,</em></span> <span class='ocrx_word' id='word_1_69' title='bbox 776 733 894 788; x_wconf 81' lang='grc' dir='ltr'><em>ὅμως</em></span> <span class='ocrx_word' id='word_1_70' title='bbox 923 734 973 776; x_wconf 80' lang='grc' dir='ltr'><em>δὲ</em></span> <span class='ocrx_word' id='word_1_71' title='bbox 1002 732 1267 788; x_wconf 78' lang='grc' dir='ltr'><em>ἠναγκάσθη</em></span> <span class='ocrx_word' id='word_1_72' title='bbox 1299 731 1571 786; x_wconf 80' lang='grc' dir='ltr'><em>ὁμολογῆσαι</em></span> 
     </span>
     <span class='ocr_line' id='line_1_13' title="bbox 154 797 1571 859; baseline -0.006 -13"><span class='ocrx_word' id='word_1_73' title='bbox 154 802 411 859; x_wconf 78' lang='grc' dir='ltr'><em>ἐρωτήσειν,</em></span> <span class='ocrx_word' id='word_1_74' title='bbox 449 803 523 844; x_wconf 82' lang='grc' dir='ltr'><em>καὶ</em></span> <span class='ocrx_word' id='word_1_75' title='bbox 562 800 746 844; x_wconf 81' lang='grc' dir='ltr'><em>ἐπειδὰν</em></span> <span class='ocrx_word' id='word_1_76' title='bbox 786 801 950 850; x_wconf 75' lang='grc' dir='ltr'><em>ἱκανῶς</em></span> <span class='ocrx_word' id='word_1_77' title='bbox 981 799 1200 854; x_wconf 82' lang='grc' dir='ltr'><em>ἐρωτήσῃ,</em></span> <span class='ocrx_word' id='word_1_78' title='bbox 1240 799 1377 840; x_wconf 77' lang='grc' dir='ltr'><em>πάλιν</em></span> <span class='ocrx_word' id='word_1_79' title='bbox 1409 797 1571 840; x_wconf 83' lang='grc' dir='ltr'><em>δώσειν</em></span> 
     </span>
     <span class='ocr_line' id='line_1_14' title="bbox 98 861 1571 925; baseline -0.006 -11"><span class='ocrx_word' id='word_1_80' title='bbox 98 889 131 914; x_wconf 91' lang='lat'><em>10</em></span> <span class='ocrx_word' id='word_1_81' title='bbox 155 871 290 925; x_wconf 78' lang='grc' dir='ltr'><em>λόγον</em></span> <span class='ocrx_word' id='word_1_82' title='bbox 320 868 430 913; x_wconf 74' lang='grc' dir='ltr'><em>κατὰ</em></span> <span class='ocrx_word' id='word_1_83' title='bbox 462 867 654 925; x_wconf 83' lang='grc' dir='ltr'><em>σμικρὸν</em></span> <span class='ocrx_word' id='word_1_84' title='bbox 684 867 1052 923; x_wconf 74' lang='grc' dir='ltr'><em>ἀποκρινόμενος.</em></span> <span class='ocrx_word' id='word_1_85' title='bbox 1095 865 1262 921; x_wconf 76' lang='grc' dir='ltr'><em>ἤρξατο</em></span> <span class='ocrx_word' id='word_1_86' title='bbox 1283 861 1368 908; x_wconf 80' lang='grc' dir='ltr'><em>οὖν</em></span> <span class='ocrx_word' id='word_1_87' title='bbox 1399 866 1571 918; x_wconf 81' lang='grc' dir='ltr'><em>ἐρωτᾶν</em></span> 
     </span>
    </p>
   </div>
   <div class='ocr_carea' id='block_1_10' title="bbox 152 936 455 986">
    <p class='ocr_par' dir='ltr' id='par_1_10' title="bbox 152 936 455 986">
     <span class='ocr_line' id='line_1_15' title="bbox 152 936 455 986; baseline -0.007 -6"><span class='ocrx_word' id='word_1_88' title='bbox 152 936 323 980; x_wconf 85' lang='grc' dir='ltr'><em>οὑτωσί</em></span> <span class='ocrx_word' id='word_1_89' title='bbox 350 951 455 986; x_wconf 77' lang='grc' dir='ltr'><em>πως.</em></span> 
     </span>
    </p>
   </div>
   <div class='ocr_carea' id='block_1_11' title="bbox 154 996 1573 1125">
    <p class='ocr_par' dir='ltr' id='par_1_11' title="bbox 154 996 1573 1125">
     <span class='ocr_line' id='line_1_16' title="bbox 266 996 1573 1059; baseline -0.006 -12"><span class='ocrx_word' id='word_1_90' title='bbox 266 1005 367 1059; x_wconf 86' lang='lat' dir='ltr'><strong>Cap.</strong></span> <span class='ocrx_word' id='word_1_91' title='bbox 389 1003 546 1049; x_wconf 85' lang='lat' dir='ltr'>XXVI,</span> <span class='ocrx_word' id='word_1_92' title='bbox 570 1001 804 1057; x_wconf 81' lang='grc' dir='ltr'><em>Ἡγοῦμαι,</em></span> <span class='ocrx_word' id='word_1_93' title='bbox 837 1003 936 1057; x_wconf 83' lang='grc' dir='ltr'><em>ἔφη,</em></span> <span class='ocrx_word' id='word_1_94' title='bbox 969 996 1005 1044; x_wconf 70' lang='grc' dir='ltr'><em>οἷ</em></span> <span class='ocrx_word' id='word_1_95' title='bbox 1037 1000 1289 1054; x_wconf 74' lang='grc' dir='ltr'><em>Σώκρατες,</em></span> <span class='ocrx_word' id='word_1_96' title='bbox 1323 998 1408 1053; x_wconf 78' lang='grc' dir='ltr'><em>ἐγώ</em></span> <span class='ocrx_word' id='word_1_97' title='bbox 1440 997 1573 1051; x_wconf 73' lang='grc' dir='ltr'><em>ἀνδρὶ</em></span> 
     </span>
     <span class='ocr_line' id='line_1_17' title="bbox 154 1063 1570 1125; baseline -0.005 -11"><span class='ocrx_word' id='word_1_98' title='bbox 154 1072 356 1121; x_wconf 84' lang='grc' dir='ltr'><em>παιδείας</em></span> <span class='ocrx_word' id='word_1_99' title='bbox 393 1072 604 1125; x_wconf 80' lang='grc' dir='ltr'><em>μέγιστον</em></span> <span class='ocrx_word' id='word_1_100' title='bbox 641 1069 773 1124; x_wconf 84' lang='grc' dir='ltr'><em>μέρος</em></span> <span class='ocrx_word' id='word_1_101' title='bbox 812 1065 926 1111; x_wconf 81' lang='grc' dir='ltr'><em>εἶναι</em></span> <span class='ocrx_word' id='word_1_102' title='bbox 964 1068 1066 1122; x_wconf 82' lang='grc' dir='ltr'><em>περὶ</em></span> <span class='ocrx_word' id='word_1_103' title='bbox 1097 1067 1220 1109; x_wconf 78' lang='grc' dir='ltr'><em>ε’πῶν</em></span> <span class='ocrx_word' id='word_1_104' title='bbox 1251 1065 1403 1109; x_wconf 85' lang='grc' dir='ltr'><em>δεινὸν</em></span> <span class='ocrx_word' id='word_1_105' title='bbox 1437 1063 1570 1108; x_wconf 79' lang='grc' dir='ltr'><em>εἶναι·</em></span> 
     </span>
    </p>
   </div>
   <div class='ocr_carea' id='block_1_12' title="bbox 155 1127 1661 1189">
    <p class='ocr_par' dir='ltr' id='par_1_12' title="bbox 155 1127 1661 1189">
     <span class='ocr_line' id='line_1_18' title="bbox 155 1127 1661 1189; baseline -0.004 -9"><span class='ocrx_word' id='word_1_106' title='bbox 155 1141 247 1180; x_wconf 82' lang='grc' dir='ltr'><em>ἔστι</em></span> <span class='ocrx_word' id='word_1_107' title='bbox 285 1138 332 1180; x_wconf 83' lang='grc' dir='ltr'><em>δὲ</em></span> <span class='ocrx_word' id='word_1_108' title='bbox 371 1141 503 1180; x_wconf 88' lang='grc' dir='ltr'><em>τοῦτο</em></span> <span class='ocrx_word' id='word_1_109' title='bbox 543 1137 596 1179; x_wconf 80' lang='grc' dir='ltr'><em>τοὶ</em></span> <span class='ocrx_word' id='word_1_110' title='bbox 638 1135 725 1178; x_wconf 84' lang='grc' dir='ltr'><em>ὑπὸ</em></span> <span class='ocrx_word' id='word_1_111' title='bbox 763 1139 855 1178; x_wconf 77' lang='grc' dir='ltr'><em>τῶν</em></span> <span class='ocrx_word' id='word_1_112' title='bbox 892 1142 1090 1189; x_wconf 75' lang='grc' dir='ltr'><em>ποιητῶν</em></span> <span class='ocrx_word' id='word_1_113' title='bbox 1128 1135 1349 1188; x_wconf 79' lang='grc' dir='ltr'><em>λεγόμενα</em></span> <span class='ocrx_word' id='word_1_114' title='bbox 1388 1127 1483 1174; x_wconf 88' lang='grc' dir='ltr'><em>οἷόν</em></span> <span class='ocrx_word' id='word_1_115' title='bbox 1526 1130 1569 1174; x_wconf 89' lang='grc' dir='ltr'><em>τ’</em></span> <span class='ocrx_word' id='word_1_116' title='bbox 1595 1144 1661 1178; x_wconf 83' lang='grc'><em>339</em></span> 
     </span>
    </p>
   </div>
   <div class='ocr_carea' id='block_1_13' title="bbox 103 1198 1571 1258">
    <p class='ocr_par' dir='ltr' id='par_1_13' title="bbox 103 1198 1571 1258">
     <span class='ocr_line' id='line_1_19' title="bbox 103 1198 1571 1258; baseline -0.005 -10"><span class='ocrx_word' id='word_1_117' title='bbox 103 1224 134 1249; x_wconf 83' lang='grc'><em>15</em></span> <span class='ocrx_word' id='word_1_118' title='bbox 161 1202 275 1248; x_wconf 81' lang='grc' dir='ltr'><em>εἶναι</em></span> <span class='ocrx_word' id='word_1_119' title='bbox 306 1205 503 1256; x_wconf 82' lang='grc' dir='ltr'><em>ξυνιέναι</em></span> <span class='ocrx_word' id='word_1_120' title='bbox 535 1203 562 1245; x_wconf 82' lang='grc' dir='ltr'>ἅ</span> <span class='ocrx_word' id='word_1_121' title='bbox 591 1219 637 1245; x_wconf 83' lang='grc' dir='ltr'><em>τε</em></span> <span class='ocrx_word' id='word_1_122' title='bbox 669 1202 818 1258; x_wconf 75' lang='grc' dir='ltr'><em>ὀρθῶς</em></span> <span class='ocrx_word' id='word_1_123' title='bbox 847 1204 1081 1256; x_wconf 86' lang='grc' dir='ltr'><em>πεποίηται</em></span> <span class='ocrx_word' id='word_1_124' title='bbox 1112 1203 1185 1243; x_wconf 84' lang='grc' dir='ltr'><em>καὶ</em></span> <span class='ocrx_word' id='word_1_125' title='bbox 1216 1199 1245 1242; x_wconf 75' lang='grc' dir='ltr'><em>ὁὶ</em></span> <span class='ocrx_word' id='word_1_126' title='bbox 1274 1200 1348 1255; x_wconf 83' lang='grc' dir='ltr'><em>μή,</em></span> <span class='ocrx_word' id='word_1_127' title='bbox 1381 1200 1454 1241; x_wconf 85' lang='grc' dir='ltr'><em>καὶ</em></span> <span class='ocrx_word' id='word_1_128' title='bbox 1475 1198 1571 1241; x_wconf 85' lang='grc' dir='ltr'><em>ἐπί-</em></span> 
     </span>
    </p>
   </div>
   <div class='ocr_carea' id='block_1_14' title="bbox 272 1340 1570 1392">
    <p class='ocr_par' dir='ltr' id='par_1_14' title="bbox 272 1340 1570 1392">
     <span class='ocr_line' id='line_1_20' title="bbox 272 1340 1570 1392; baseline -0.004 -8"><span class='ocrx_word' id='word_1_129' title='bbox 272 1354 299 1384; x_wconf 92' lang='grc'><em>1.</em></span> <span class='ocrx_word' id='word_1_130' title='bbox 332 1345 460 1385; x_wconf 83' lang='grc' dir='ltr'><em>ὁπόσ’</em></span> <span class='ocrx_word' id='word_1_131' title='bbox 490 1349 535 1382; x_wconf 87' lang='lat' dir='ltr'><em>B:</em></span> <span class='ocrx_word' id='word_1_132' title='bbox 568 1342 670 1389; x_wconf 79' lang='grc' dir='ltr'><em>ὅπως</em></span> <span class='ocrx_word' id='word_1_133' title='bbox 694 1348 734 1385; x_wconf 92' lang='grc' dir='ltr'><em>Τ.</em></span> <span class='ocrx_word' id='word_1_134' title='bbox 761 1358 828 1392; x_wconf 88' lang='lat' dir='ltr'><em>pro</em></span> <span class='ocrx_word' id='word_1_135' title='bbox 862 1345 1128 1392; x_wconf 82' lang='grc' dir='ltr'><em>α’ποκρίνωμαι</em></span> <span class='ocrx_word' id='word_1_136' title='bbox 1158 1346 1196 1380; x_wconf 88' lang='lat' dir='ltr'><em>iu</em></span> <span class='ocrx_word' id='word_1_137' title='bbox 1221 1346 1290 1380; x_wconf 87' lang='lat' dir='ltr'><em>BT</em></span> <span class='ocrx_word' id='word_1_138' title='bbox 1323 1346 1445 1381; x_wconf 80' lang='lat' dir='ltr'>exstat</span> <span class='ocrx_word' id='word_1_139' title='bbox 1476 1340 1570 1380; x_wconf 76' lang='grc' dir='ltr'><em>ἀπο-</em></span> 
     </span>
    </p>
   </div>
   <div class='ocr_carea' id='block_1_15' title="bbox 155 1397 354 1440">
    <p class='ocr_par' dir='ltr' id='par_1_15' title="bbox 155 1397 354 1440">
     <span class='ocr_line' id='line_1_21' title="bbox 155 1397 354 1440; baseline -0.01 -9"><span class='ocrx_word' id='word_1_140' title='bbox 155 1397 335 1440; x_wconf 83' lang='grc' dir='ltr'><em>κρίνομαι</em></span> <span class='ocrx_word' id='word_1_141' title='bbox 347 1424 354 1432; x_wconf 91' lang='grc'>.</span> 
     </span>
    </p>
   </div>
   <div class='ocr_carea' id='block_1_16' title="bbox 155 1500 837 2212">
    <p class='ocr_par' dir='ltr' id='par_1_16' title="bbox 155 1500 833 1731">
     <span class='ocr_line' id='line_1_22' title="bbox 202 1500 832 1557; baseline -0.008 -15"><span class='ocrx_word' id='word_1_142' title='bbox 202 1512 234 1543; x_wconf 88' lang='grc'><em>3.</em></span> <span class='ocrx_word' id='word_1_143' title='bbox 252 1504 363 1557; x_wconf 85' lang='grc' dir='ltr'><em>πρὸς</em></span> <span class='ocrx_word' id='word_1_144' title='bbox 389 1501 498 1540; x_wconf 80' lang='grc' dir='ltr'><em>αὐτὸ</em></span> <span class='ocrx_word' id='word_1_145' title='bbox 526 1502 572 1540; x_wconf 87' lang='grc' dir='ltr'><em>τὸ</em></span> <span class='ocrx_word' id='word_1_146' title='bbox 599 1502 721 1548; x_wconf 79' lang='grc' dir='ltr'><em>ἔρωτ.</em></span> <span class='ocrx_word' id='word_1_147' title='bbox 747 1500 832 1548; x_wconf 83' lang='grc' dir='ltr'><em>απ.]</em></span> 
     </span>
     <span class='ocr_line' id='line_1_23' title="bbox 157 1549 834 1600; baseline -0.008 -13"><span class='ocrx_word' id='word_1_148' title='bbox 157 1552 213 1587; x_wconf 85' lang='lat' dir='ltr'><em>ad</em></span> <span class='ocrx_word' id='word_1_149' title='bbox 237 1551 283 1586; x_wconf 88' lang='lat' dir='ltr'><em>id</em></span> <span class='ocrx_word' id='word_1_150' title='bbox 307 1551 475 1600; x_wconf 79' lang='lat' dir='ltr'>ipsum,</span> <span class='ocrx_word' id='word_1_151' title='bbox 497 1550 615 1593; x_wconf 89' lang='lat' dir='ltr'>quod</span> <span class='ocrx_word' id='word_1_152' title='bbox 635 1549 834 1583; x_wconf 86' lang='lat' dir='ltr'>interro-</span> 
     </span>
     <span class='ocr_line' id='line_1_24' title="bbox 158 1578 833 1647; baseline -0.004 -16"><span class='ocrx_word' id='word_1_153' title='bbox 158 1598 313 1647; x_wconf 79' lang='lat' dir='ltr'>gatum</span> <span class='ocrx_word' id='word_1_154' title='bbox 339 1578 500 1636; x_wconf 76' lang='lat' dir='ltr'>fueri’t,</span> <span class='ocrx_word' id='word_1_155' title='bbox 534 1594 833 1638; x_wconf 85' lang='lat' dir='ltr'>respondere,</span> 
     </span>
     <span class='ocr_line' id='line_1_25' title="bbox 155 1639 832 1682; baseline -0.008 -5"><span class='ocrx_word' id='word_1_156' title='bbox 155 1652 230 1677; x_wconf 87' lang='lat' dir='ltr'><em>non</em></span> <span class='ocrx_word' id='word_1_157' title='bbox 248 1640 372 1676; x_wconf 87' lang='lat' dir='ltr'>aliena</span> <span class='ocrx_word' id='word_1_158' title='bbox 394 1639 600 1674; x_wconf 81' lang='lat' dir='ltr'><strong>immiscere</strong></span> <span class='ocrx_word' id='word_1_159' title='bbox 626 1640 739 1682; x_wconf 87' lang='lat' dir='ltr'>atque</span> <span class='ocrx_word' id='word_1_160' title='bbox 765 1639 832 1682; x_wconf 83' lang='grc' dir='ltr'><em>δη-</em></span> 
     </span>
     <span class='ocr_line' id='line_1_26' title="bbox 159 1684 509 1732; baseline -0.015 -8.985"><span class='ocrx_word' id='word_1_161' title='bbox 159 1690 351 1732; x_wconf 83' lang='grc' dir='ltr'><em>μηγορεῖν.</em></span> <span class='ocrx_word' id='word_1_162' title='bbox 379 1684 509 1719; x_wconf 79' lang='lat' dir='ltr'>Stallb</span> 
     </span>
    </p>

    <p class='ocr_par' dir='ltr' id='par_1_17' title="bbox 158 1727 831 1856">
     <span class='ocr_line' id='line_1_27' title="bbox 204 1727 831 1774; baseline -0.007 -9"><span class='ocrx_word' id='word_1_163' title='bbox 204 1736 236 1766; x_wconf 87' lang='lat'><em>5.</em></span> <span class='ocrx_word' id='word_1_164' title='bbox 263 1728 593 1774; x_wconf 77' lang='grc' dir='ltr'><em>διαφθείρειν]</em></span> <span class='ocrx_word' id='word_1_165' title='bbox 621 1727 831 1772; x_wconf 86' lang='lat' dir='ltr'>perdere,</span> 
     </span>
     <span class='ocr_line' id='line_1_28' title="bbox 158 1771 831 1818; baseline -0.008 -8"><span class='ocrx_word' id='word_1_166' title='bbox 158 1775 444 1818; x_wconf 82' lang='lat' dir='ltr'>disturbare,</span> <span class='ocrx_word' id='word_1_167' title='bbox 469 1773 640 1817; x_wconf 82' lang='lat' dir='ltr'>idemque</span> <span class='ocrx_word' id='word_1_168' title='bbox 666 1772 700 1806; x_wconf 92' lang='lat' dir='ltr'><em>h.</em></span> <span class='ocrx_word' id='word_1_169' title='bbox 719 1771 742 1806; x_wconf 91' lang='lat'><em>1.</em></span> <span class='ocrx_word' id='word_1_170' title='bbox 769 1781 831 1805; x_wconf 88' lang='lat' dir='ltr'><em>va-</em></span> 
     </span>
     <span class='ocr_line' id='line_1_29' title="bbox 158 1816 791 1856; baseline -0.006 -2"><span class='ocrx_word' id='word_1_171' title='bbox 158 1821 213 1856; x_wconf 89' lang='lat' dir='ltr'><em>let</em></span> <span class='ocrx_word' id='word_1_172' title='bbox 237 1830 278 1854; x_wconf 86' lang='lat' dir='ltr'><em>ac</em></span> <span class='ocrx_word' id='word_1_173' title='bbox 303 1820 470 1853; x_wconf 86' lang='lat' dir='ltr'>nostrum</span> <span class='ocrx_word' id='word_1_174' title='bbox 496 1828 574 1854; x_wconf 87' lang='lat' dir='ltr'><em>voc</em></span> <span class='ocrx_word' id='word_1_175' title='bbox 601 1816 791 1853; x_wconf 89' lang='lat' dir='ltr'>vereiteln</span> 
     </span>
    </p>

    <p class='ocr_par' dir='ltr' id='par_1_18' title="bbox 157 1858 836 2212">
     <span class='ocr_line' id='line_1_30' title="bbox 208 1858 834 1906; baseline -0.008 -6"><span class='ocrx_word' id='word_1_176' title='bbox 208 1869 259 1900; x_wconf 91' lang='lat'><em>10.</em></span> <span class='ocrx_word' id='word_1_177' title='bbox 307 1860 423 1898; x_wconf 72' lang='grc' dir='ltr'><em>κατὰ</em></span> <span class='ocrx_word' id='word_1_178' title='bbox 478 1859 676 1906; x_wconf 75' lang='grc' dir='ltr'><em>σμικρόν</em></span> <span class='ocrx_word' id='word_1_179' title='bbox 725 1858 834 1896; x_wconf 76' lang='grc' dir='ltr'><em>ἀπο-</em></span> 
     </span>
     <span class='ocr_line' id='line_1_31' title="bbox 160 1903 834 1963; baseline -0.007 -19"><span class='ocrx_word' id='word_1_180' title='bbox 160 1908 291 1962; x_wconf 82' lang='grc' dir='ltr'><em>κριν.]</em></span> <span class='ocrx_word' id='word_1_181' title='bbox 337 1906 506 1963; x_wconf 84' lang='lat' dir='ltr'>Sophist</span> <span class='ocrx_word' id='word_1_182' title='bbox 529 1919 564 1951; x_wconf 88' lang='lat' dir='ltr'><em>p.</em></span> <span class='ocrx_word' id='word_1_183' title='bbox 598 1911 662 1941; x_wconf 85' lang='grc'><em>217</em></span> <span class='ocrx_word' id='word_1_184' title='bbox 694 1906 742 1940; x_wconf 93' lang='lat' dir='ltr'><em>D.</em></span> <span class='ocrx_word' id='word_1_185' title='bbox 784 1903 834 1949; x_wconf 83' lang='grc' dir='ltr'><em>μὴ</em></span> 
     </span>
     <span class='ocr_line' id='line_1_32' title="bbox 159 1947 835 2005; baseline -0.007 -16"><span class='ocrx_word' id='word_1_186' title='bbox 159 1951 257 1989; x_wconf 78' lang='grc' dir='ltr'><em>κατὰ</em></span> <span class='ocrx_word' id='word_1_187' title='bbox 296 1951 455 2005; x_wconf 81' lang='grc' dir='ltr'><em>σμικρὸν</em></span> <span class='ocrx_word' id='word_1_188' title='bbox 494 1951 582 1992; x_wconf 77' lang='grc' dir='ltr'><em>ἔπος</em></span> <span class='ocrx_word' id='word_1_189' title='bbox 619 1947 713 1995; x_wconf 85' lang='grc' dir='ltr'><em>πρὸς</em></span> <span class='ocrx_word' id='word_1_190' title='bbox 745 1949 835 1990; x_wconf 74' lang='grc' dir='ltr'><em>ἔπος</em></span> 
     </span>
     <span class='ocr_line' id='line_1_33' title="bbox 159 1991 833 2053; baseline -0.006 -20"><span class='ocrx_word' id='word_1_191' title='bbox 159 2000 362 2034; x_wconf 83' lang='grc' dir='ltr'><em>ποιεῖσθαι</em></span> <span class='ocrx_word' id='word_1_192' title='bbox 394 1994 463 2053; x_wconf 60' lang='lat'><em>1⁷¹1?</em></span> <span class='ocrx_word' id='word_1_193' title='bbox 493 1998 715 2050; x_wconf 86' lang='grc' dir='ltr'><em>συνουσίαν,</em></span> <span class='ocrx_word' id='word_1_194' title='bbox 747 1991 833 2029; x_wconf 75' lang='grc' dir='ltr'><em>ἀλλ’</em></span> 
     </span>
     <span class='ocr_line' id='line_1_34' title="bbox 158 2037 836 2096; baseline -0.006 -17"><span class='ocrx_word' id='word_1_195' title='bbox 158 2041 386 2080; x_wconf 74' lang='grc' dir='ltr'><em>ἐκτείναντα</em></span> <span class='ocrx_word' id='word_1_196' title='bbox 423 2037 687 2096; x_wconf 71' lang='grc' dir='ltr'><em>ἀπομηκύνειν</em></span> <span class='ocrx_word' id='word_1_197' title='bbox 704 2038 836 2094; x_wconf 76' lang='grc' dir='ltr'><em>λόγον</em></span> 
     </span>
     <span class='ocr_line' id='line_1_35' title="bbox 160 2083 836 2143; baseline -0.006 -20"><span class='ocrx_word' id='word_1_198' title='bbox 160 2087 314 2132; x_wconf 83' lang='grc' dir='ltr'><em>συχνόν,</em></span> <span class='ocrx_word' id='word_1_199' title='bbox 356 2087 420 2121; x_wconf 88' lang='lat' dir='ltr'><em>ubi</em></span> <span class='ocrx_word' id='word_1_200' title='bbox 450 2086 547 2122; x_wconf 75' lang='grc' dir='ltr'><em>κατὰ</em></span> <span class='ocrx_word' id='word_1_201' title='bbox 579 2083 736 2143; x_wconf 82' lang='grc' dir='ltr'><em>σμικρόν</em></span> <span class='ocrx_word' id='word_1_202' title='bbox 773 2085 836 2120; x_wconf 87' lang='lat' dir='ltr'><em>ad-</em></span> 
     </span>
     <span class='ocr_line' id='line_1_36' title="bbox 157 2130 837 2175; baseline -0.008 -7"><span class='ocrx_word' id='word_1_203' title='bbox 157 2133 249 2168; x_wconf 77' lang='lat' dir='ltr'>ditis</span> <span class='ocrx_word' id='word_1_204' title='bbox 266 2131 388 2166; x_wconf 87' lang='lat' dir='ltr'>verbis</span> <span class='ocrx_word' id='word_1_205' title='bbox 413 2130 503 2171; x_wconf 81' lang='grc' dir='ltr'><em>έπος</em></span> <span class='ocrx_word' id='word_1_206' title='bbox 527 2131 621 2175; x_wconf 83' lang='grc' dir='ltr'><em>πρὸς</em></span> <span class='ocrx_word' id='word_1_207' title='bbox 648 2130 736 2170; x_wconf 80' lang='grc' dir='ltr'><em>ε”πος</em></span> <span class='ocrx_word' id='word_1_208' title='bbox 763 2130 837 2164; x_wconf 89' lang='lat' dir='ltr'>cla-</span> 
     </span>
     <span class='ocr_line' id='line_1_37' title="bbox 162 2176 479 2212; baseline -0.003 -1"><span class='ocrx_word' id='word_1_209' title='bbox 162 2178 236 2212; x_wconf 86' lang='grc'>11115</span> <span class='ocrx_word' id='word_1_210' title='bbox 259 2176 479 2211; x_wconf 80' lang='lat' dir='ltr'>illustratur.</span> 
     </span>
    </p>
   </div>
   <div class='ocr_carea' id='block_1_17' title="bbox 162 2230 842 2904">
    <p class='ocr_par' dir='ltr' id='par_1_19' title="bbox 162 2230 842 2904">
     <span class='ocr_line' id='line_1_38' title="bbox 210 2230 839 2286; baseline -0.005 -19"><span class='ocrx_word' id='word_1_211' title='bbox 210 2237 260 2267; x_wconf 95' lang='grc'><em>12</em></span> <span class='ocrx_word' id='word_1_212' title='bbox 289 2230 425 2286; x_wconf 80' lang='grc' dir='ltr'><em>ἀνδρὶ</em></span> <span class='ocrx_word' id='word_1_213' title='bbox 457 2232 680 2272; x_wconf 84' lang='grc' dir='ltr'><em>παιδείας</em></span> <span class='ocrx_word' id='word_1_214' title='bbox 711 2230 839 2274; x_wconf 80' lang='grc' dir='ltr'><em>μέγι-</em></span> 
     </span>
     <span class='ocr_line' id='line_1_39' title="bbox 163 2275 838 2327; baseline -0.008 -14"><span class='ocrx_word' id='word_1_215' title='bbox 163 2290 268 2313; x_wconf 89' lang='grc' dir='ltr'><em>στον</em></span> <span class='ocrx_word' id='word_1_216' title='bbox 301 2276 414 2321; x_wconf 60' lang='grc' dir='ltr'><em>μέμ]</em></span> <span class='ocrx_word' id='word_1_217' title='bbox 450 2277 569 2327; x_wconf 85' lang='lat' dir='ltr'>Supra</span> <span class='ocrx_word' id='word_1_218' title='bbox 592 2288 627 2321; x_wconf 90' lang='lat' dir='ltr'><strong>p.</strong></span> <span class='ocrx_word' id='word_1_219' title='bbox 654 2279 718 2311; x_wconf 83' lang='grc'><em>326</em></span> <span class='ocrx_word' id='word_1_220' title='bbox 744 2275 838 2309; x_wconf 89' lang='lat' dir='ltr'>vidi-</span> 
     </span>
     <span class='ocr_line' id='line_1_40' title="bbox 163 2319 838 2372; baseline -0.006 -15"><span class='ocrx_word' id='word_1_221' title='bbox 163 2334 244 2357; x_wconf 84' lang='lat' dir='ltr'><em>mus</em></span> <span class='ocrx_word' id='word_1_222' title='bbox 271 2322 430 2372; x_wconf 81' lang='lat' dir='ltr'>Graecos</span> <span class='ocrx_word' id='word_1_223' title='bbox 455 2322 689 2364; x_wconf 79' lang='lat' dir='ltr'>maximeque</span> <span class='ocrx_word' id='word_1_224' title='bbox 723 2319 838 2354; x_wconf 87' lang='lat' dir='ltr'>Athe-</span> 
     </span>
     <span class='ocr_line' id='line_1_41' title="bbox 162 2363 839 2416; baseline -0.007 -14"><span class='ocrx_word' id='word_1_225' title='bbox 162 2368 308 2402; x_wconf 82' lang='lat' dir='ltr'>nienses</span> <span class='ocrx_word' id='word_1_226' title='bbox 354 2366 430 2400; x_wconf 87' lang='lat' dir='ltr'><em>iam</em></span> <span class='ocrx_word' id='word_1_227' title='bbox 470 2366 603 2416; x_wconf 81' lang='lat' dir='ltr'>puerili</span> <span class='ocrx_word' id='word_1_228' title='bbox 644 2363 839 2409; x_wconf 82' lang='lat' dir='ltr'>disciplina</span> 
     </span>
     <span class='ocr_line' id='line_1_42' title="bbox 163 2409 836 2463; baseline -0.008 -16"><span class='ocrx_word' id='word_1_229' title='bbox 163 2414 360 2463; x_wconf 84' lang='lat' dir='ltr'>poetarum</span> <span class='ocrx_word' id='word_1_230' title='bbox 377 2411 588 2462; x_wconf 80' lang='lat' dir='ltr'>praeceptis</span> <span class='ocrx_word' id='word_1_231' title='bbox 606 2410 766 2444; x_wconf 88' lang='lat' dir='ltr'>imbutos</span> <span class='ocrx_word' id='word_1_232' title='bbox 780 2409 836 2442; x_wconf 92' lang='lat' dir='ltr'>fu-</span> 
     </span>
     <span class='ocr_line' id='line_1_43' title="bbox 163 2454 837 2506; baseline -0.006 -15"><span class='ocrx_word' id='word_1_233' title='bbox 163 2468 245 2491; x_wconf 85' lang='grc'>1556.</span> <span class='ocrx_word' id='word_1_234' title='bbox 287 2456 425 2491; x_wconf 84' lang='lat' dir='ltr'>Poetae</span> <span class='ocrx_word' id='word_1_235' title='bbox 452 2458 548 2491; x_wconf 88' lang='lat' dir='ltr'>enim</span> <span class='ocrx_word' id='word_1_236' title='bbox 564 2454 680 2506; x_wconf 71' lang='lat' dir='ltr'>quasi</span> <span class='ocrx_word' id='word_1_237' title='bbox 704 2464 837 2504; x_wconf 88' lang='lat' dir='ltr'>paren-</span> 
     </span>
     <span class='ocr_line' id='line_1_44' title="bbox 166 2498 840 2550; baseline -0.008 -14"><span class='ocrx_word' id='word_1_238' title='bbox 166 2504 222 2536; x_wconf 86' lang='lat' dir='ltr'><em>tes</em></span> <span class='ocrx_word' id='word_1_239' title='bbox 251 2500 456 2550; x_wconf 73' lang='lat' dir='ltr'>sapientiae</span> <span class='ocrx_word' id='word_1_240' title='bbox 494 2500 700 2546; x_wconf 85' lang='lat' dir='ltr'>optimique</span> <span class='ocrx_word' id='word_1_241' title='bbox 726 2498 840 2533; x_wconf 80' lang='lat' dir='ltr'>vir-tu</span> 
     </span>
     <span class='ocr_line' id='line_1_45' title="bbox 163 2543 839 2589; baseline -0.009 -8"><span class='ocrx_word' id='word_1_242' title='bbox 163 2547 212 2581; x_wconf 84' lang='lat' dir='ltr'><em>tis</em></span> <span class='ocrx_word' id='word_1_243' title='bbox 247 2545 418 2589; x_wconf 83' lang='lat' dir='ltr'>magistri</span> <span class='ocrx_word' id='word_1_244' title='bbox 449 2546 516 2580; x_wconf 88' lang='lat' dir='ltr'>visi</span> <span class='ocrx_word' id='word_1_245' title='bbox 540 2546 635 2581; x_wconf 82' lang='lat' dir='ltr'>sunt</span> <span class='ocrx_word' id='word_1_246' title='bbox 686 2543 726 2577; x_wconf 87' lang='lat' dir='ltr'><em>Id</em></span> <span class='ocrx_word' id='word_1_247' title='bbox 751 2552 839 2577; x_wconf 86' lang='lat' dir='ltr'>vero</span> 
     </span>
     <span class='ocr_line' id='line_1_46' title="bbox 164 2590 842 2635; baseline -0.007 -10"><span class='ocrx_word' id='word_1_248' title='bbox 164 2590 328 2626; x_wconf 76' lang='lat' dir='ltr'>studium</span> <span class='ocrx_word' id='word_1_249' title='bbox 377 2591 547 2635; x_wconf 86' lang='lat' dir='ltr'>quamvis</span> <span class='ocrx_word' id='word_1_250' title='bbox 586 2590 660 2624; x_wconf 87' lang='lat' dir='ltr'><em>iam</em></span> <span class='ocrx_word' id='word_1_251' title='bbox 699 2590 778 2623; x_wconf 90' lang='lat' dir='ltr'><em>tum</em></span> <span class='ocrx_word' id='word_1_252' title='bbox 820 2597 842 2620; x_wconf 93' lang='lat' dir='ltr'>a</span> 
     </span>
     <span class='ocr_line' id='line_1_47' title="bbox 167 2633 840 2679; baseline -0.008 -9"><span class='ocrx_word' id='word_1_253' title='bbox 167 2635 395 2679; x_wconf 82' lang='lat' dir='ltr'>Xenophane</span> <span class='ocrx_word' id='word_1_254' title='bbox 428 2637 465 2670; x_wconf 89' lang='lat' dir='ltr'><em>et</em></span> <span class='ocrx_word' id='word_1_255' title='bbox 489 2635 535 2669; x_wconf 85' lang='lat' dir='ltr'><em>ab</em></span> <span class='ocrx_word' id='word_1_256' title='bbox 562 2633 746 2669; x_wconf 82' lang='lat' dir='ltr'>Heraclito</span> <span class='ocrx_word' id='word_1_257' title='bbox 772 2633 840 2666; x_wconf 85' lang='lat' dir='ltr'><em>im-</em></span> 
     </span>
     <span class='ocr_line' id='line_1_48' title="bbox 167 2678 839 2734; baseline -0.003 -21"><span class='ocrx_word' id='word_1_258' title='bbox 167 2680 367 2734; x_wconf 81' lang='lat' dir='ltr'>probatum</span> <span class='ocrx_word' id='word_1_259' title='bbox 386 2681 493 2722; x_wconf 74' lang='lat' dir='ltr'>esset,</span> <span class='ocrx_word' id='word_1_260' title='bbox 518 2681 644 2714; x_wconf 81' lang='lat' dir='ltr'>tamen</span> <span class='ocrx_word' id='word_1_261' title='bbox 669 2678 839 2712; x_wconf 89' lang='lat' dir='ltr'>ludorum</span> 
     </span>
     <span class='ocr_line' id='line_1_49' title="bbox 168 2723 839 2767; baseline -0.003 -9"><span class='ocrx_word' id='word_1_262' title='bbox 168 2726 257 2759; x_wconf 85' lang='lat' dir='ltr'>fines</span> <span class='ocrx_word' id='word_1_263' title='bbox 281 2726 445 2760; x_wconf 72' lang='lat' dir='ltr'>excurrit</span> <span class='ocrx_word' id='word_1_264' title='bbox 469 2727 506 2759; x_wconf 89' lang='lat' dir='ltr'><em>et</em></span> <span class='ocrx_word' id='word_1_265' title='bbox 530 2724 667 2758; x_wconf 82' lang='lat' dir='ltr'>civium</span> <span class='ocrx_word' id='word_1_266' title='bbox 699 2723 839 2767; x_wconf 83' lang='lat' dir='ltr'>cupidi-</span> 
     </span>
     <span class='ocr_line' id='line_1_50' title="bbox 168 2769 841 2814; baseline -0.003 -11"><span class='ocrx_word' id='word_1_267' title='bbox 168 2770 246 2804; x_wconf 84' lang='lat' dir='ltr'>tate</span> <span class='ocrx_word' id='word_1_268' title='bbox 283 2781 396 2814; x_wconf 85' lang='lat' dir='ltr'>quum</span> <span class='ocrx_word' id='word_1_269' title='bbox 428 2782 450 2804; x_wconf 90' lang='lat' dir='ltr'>a</span> <span class='ocrx_word' id='word_1_270' title='bbox 480 2769 673 2813; x_wconf 85' lang='lat' dir='ltr'>rhapsodis</span> <span class='ocrx_word' id='word_1_271' title='bbox 709 2770 788 2802; x_wconf 91' lang='lat' dir='ltr'><em>tum</em></span> <span class='ocrx_word' id='word_1_272' title='bbox 820 2778 841 2801; x_wconf 90' lang='lat' dir='ltr'>a</span> 
     </span>
     <span class='ocr_line' id='line_1_51' title="bbox 170 2813 840 2857; baseline -0.001 -11"><span class='ocrx_word' id='word_1_273' title='bbox 170 2813 342 2857; x_wconf 81' lang='lat' dir='ltr'>sophistis</span> <span class='ocrx_word' id='word_1_274' title='bbox 359 2814 589 2849; x_wconf 84' lang='lat' dir='ltr'>inflammat-a</span> <span class='ocrx_word' id='word_1_275' title='bbox 612 2814 666 2848; x_wconf 86' lang='lat' dir='ltr'><em>ita</em></span> <span class='ocrx_word' id='word_1_276' title='bbox 691 2814 840 2847; x_wconf 80' lang='lat' dir='ltr'>auctum</span> 
     </span>
     <span class='ocr_line' id='line_1_52' title="bbox 170 2857 841 2904; baseline -0.003 -11"><span class='ocrx_word' id='word_1_277' title='bbox 170 2860 245 2899; x_wconf 85' lang='lat' dir='ltr'>est,</span> <span class='ocrx_word' id='word_1_278' title='bbox 278 2860 319 2892; x_wconf 87' lang='lat' dir='ltr'><em>ut</em></span> <span class='ocrx_word' id='word_1_279' title='bbox 350 2859 395 2893; x_wconf 91' lang='lat' dir='ltr'><em>de</em></span> <span class='ocrx_word' id='word_1_280' title='bbox 425 2861 620 2904; x_wconf 87' lang='lat' dir='ltr'>poetarum</span> <span class='ocrx_word' id='word_1_281' title='bbox 652 2857 773 2892; x_wconf 82' lang='lat' dir='ltr'>verbis</span> <span class='ocrx_word' id='word_1_282' title='bbox 804 2858 841 2891; x_wconf 88' lang='lat' dir='ltr'><em>et</em></span> 
     </span>
    </p>
   </div>
   <div class='ocr_carea' id='block_1_18' title="bbox 239 2926 461 2951">
    <p class='ocr_par' dir='ltr' id='par_1_20' title="bbox 239 2926 461 2951">
     <span class='ocr_line' id='line_1_53' title="bbox 239 2926 461 2951; baseline 0.009 -5"><span class='ocrx_word' id='word_1_283' title='bbox 239 2926 338 2951; x_wconf 77' lang='lat' dir='ltr'><strong>PLAT.</strong></span> <span class='ocrx_word' id='word_1_284' title='bbox 364 2926 461 2948; x_wconf 74' lang='lat' dir='ltr'>PROT-</span> 
     </span>
    </p>
   </div>
   <div class='ocr_carea' id='block_1_19' title="bbox 901 1501 1581 2308">
    <p class='ocr_par' dir='ltr' id='par_1_21' title="bbox 901 1501 1580 2308">
     <span class='ocr_line' id='line_1_54' title="bbox 904 1501 1573 1546; baseline -0.004 -9"><span class='ocrx_word' id='word_1_285' title='bbox 904 1503 1096 1537; x_wconf 82' lang='lat' dir='ltr'>sententiis</span> <span class='ocrx_word' id='word_1_286' title='bbox 1121 1503 1159 1536; x_wconf 89' lang='lat' dir='ltr'><em>in</em></span> <span class='ocrx_word' id='word_1_287' title='bbox 1185 1501 1380 1543; x_wconf 83' lang='lat' dir='ltr'>conviviis,</span> <span class='ocrx_word' id='word_1_288' title='bbox 1406 1502 1443 1535; x_wconf 90' lang='lat' dir='ltr'><em>in</em></span> <span class='ocrx_word' id='word_1_289' title='bbox 1469 1512 1573 1546; x_wconf 85' lang='lat' dir='ltr'>gym-</span> 
     </span>
     <span class='ocr_line' id='line_1_55' title="bbox 902 1546 1576 1591; baseline -0.001 -9"><span class='ocrx_word' id='word_1_290' title='bbox 902 1548 1024 1591; x_wconf 86' lang='lat' dir='ltr'>nasiis,</span> <span class='ocrx_word' id='word_1_291' title='bbox 1049 1548 1088 1581; x_wconf 91' lang='lat' dir='ltr'><em>in</em></span> <span class='ocrx_word' id='word_1_292' title='bbox 1112 1547 1192 1582; x_wconf 87' lang='lat' dir='ltr'>aliis</span> <span class='ocrx_word' id='word_1_293' title='bbox 1209 1547 1299 1581; x_wconf 86' lang='lat' dir='ltr'>locis</span> <span class='ocrx_word' id='word_1_294' title='bbox 1316 1546 1437 1581; x_wconf 84' lang='lat' dir='ltr'>crebri</span> <span class='ocrx_word' id='word_1_295' title='bbox 1454 1548 1576 1581; x_wconf 86' lang='lat' dir='ltr'>essent</span> 
     </span>
     <span class='ocr_line' id='line_1_56' title="bbox 901 1591 1575 1635; baseline -0.003 -8"><span class='ocrx_word' id='word_1_296' title='bbox 901 1603 1088 1628; x_wconf 85' lang='lat' dir='ltr'>sermones</span> <span class='ocrx_word' id='word_1_297' title='bbox 1106 1594 1145 1627; x_wconf 87' lang='lat' dir='ltr'><em>et</em></span> <span class='ocrx_word' id='word_1_298' title='bbox 1161 1591 1466 1634; x_wconf 80' lang='lat' dir='ltr'>concertationes,</span> <span class='ocrx_word' id='word_1_299' title='bbox 1484 1591 1575 1635; x_wconf 90' lang='lat' dir='ltr'>quid</span> 
     </span>
     <span class='ocr_line' id='line_1_57' title="bbox 902 1636 1575 1680; baseline -0.003 -8"><span class='ocrx_word' id='word_1_300' title='bbox 902 1639 1002 1672; x_wconf 84' lang='lat' dir='ltr'>recte</span> <span class='ocrx_word' id='word_1_301' title='bbox 1028 1637 1169 1671; x_wconf 84' lang='lat' dir='ltr'>dictum</span> <span class='ocrx_word' id='word_1_302' title='bbox 1195 1637 1309 1675; x_wconf 85' lang='lat' dir='ltr'>esset,</span> <span class='ocrx_word' id='word_1_303' title='bbox 1342 1636 1431 1680; x_wconf 89' lang='lat' dir='ltr'>quid</span> <span class='ocrx_word' id='word_1_304' title='bbox 1461 1647 1575 1670; x_wconf 83' lang='lat' dir='ltr'>secus.</span> 
     </span>
     <span class='ocr_line' id='line_1_58' title="bbox 901 1681 1576 1725; baseline -0.003 -9"><span class='ocrx_word' id='word_1_305' title='bbox 901 1681 1091 1716; x_wconf 82' lang='lat' dir='ltr'>Eiusmodi</span> <span class='ocrx_word' id='word_1_306' title='bbox 1107 1681 1398 1716; x_wconf 86' lang='lat' dir='ltr'>controversiam</span> <span class='ocrx_word' id='word_1_307' title='bbox 1416 1681 1576 1725; x_wconf 78' lang='lat' dir='ltr'>Aeschy-</span> 
     </span>
     <span class='ocr_line' id='line_1_59' title="bbox 902 1725 1574 1770; baseline -0.003 -9"><span class='ocrx_word' id='word_1_308' title='bbox 902 1726 978 1760; x_wconf 90' lang='lat' dir='ltr'><em>lum</em></span> <span class='ocrx_word' id='word_1_309' title='bbox 992 1728 1030 1761; x_wconf 81' lang='lat' dir='ltr'><em>et</em></span> <span class='ocrx_word' id='word_1_310' title='bbox 1043 1726 1259 1770; x_wconf 87' lang='lat' dir='ltr'>Euripidem</span> <span class='ocrx_word' id='word_1_311' title='bbox 1273 1726 1370 1759; x_wconf 83' lang='lat' dir='ltr'>inter</span> <span class='ocrx_word' id='word_1_312' title='bbox 1383 1735 1422 1759; x_wconf 82' lang='grc'><em>56</em></span> <span class='ocrx_word' id='word_1_313' title='bbox 1437 1725 1574 1760; x_wconf 87' lang='lat' dir='ltr'>haben·</span> 
     </span>
     <span class='ocr_line' id='line_1_60' title="bbox 902 1770 1574 1814; baseline -0.004 -8"><span class='ocrx_word' id='word_1_314' title='bbox 902 1772 958 1806; x_wconf 85' lang='lat' dir='ltr'><em>tes</em></span> <span class='ocrx_word' id='word_1_315' title='bbox 1000 1771 1090 1806; x_wconf 89' lang='lat' dir='ltr'>fecit</span> <span class='ocrx_word' id='word_1_316' title='bbox 1125 1770 1392 1814; x_wconf 78' lang='lat' dir='ltr'>Aristophanes</span> <span class='ocrx_word' id='word_1_317' title='bbox 1428 1781 1504 1807; x_wconf 78' lang='lat' dir='ltr'>ran,</span> <span class='ocrx_word' id='word_1_318' title='bbox 1543 1781 1574 1804; x_wconf 91' lang='lat' dir='ltr'><em>v.</em></span> 
     </span>
     <span class='ocr_line' id='line_1_61' title="bbox 906 1814 1575 1859; baseline -0.001 -10"><span class='ocrx_word' id='word_1_319' title='bbox 906 1820 991 1850; x_wconf 80' lang='lat'>1120</span> <span class='ocrx_word' id='word_1_320' title='bbox 1005 1827 1102 1859; x_wconf 62' lang='lat' dir='ltr'>sqq„</span> <span class='ocrx_word' id='word_1_321' title='bbox 1126 1825 1222 1859; x_wconf 90' lang='lat' dir='ltr'>quae</span> <span class='ocrx_word' id='word_1_322' title='bbox 1248 1816 1448 1858; x_wconf 88' lang='lat' dir='ltr'>antequam</span> <span class='ocrx_word' id='word_1_323' title='bbox 1474 1814 1575 1848; x_wconf 78' lang='lat' dir='ltr'>insti-</span> 
     </span>
     <span class='ocr_line' id='line_1_62' title="bbox 905 1860 1575 1909; baseline -0.001 -15"><span class='ocrx_word' id='word_1_324' title='bbox 905 1860 1032 1903; x_wconf 88' lang='lat' dir='ltr'>tuitur,</span> <span class='ocrx_word' id='word_1_325' title='bbox 1056 1862 1175 1896; x_wconf 86' lang='lat' dir='ltr'>facete</span> <span class='ocrx_word' id='word_1_326' title='bbox 1201 1870 1328 1894; x_wconf 86' lang='lat' dir='ltr'>omnes</span> <span class='ocrx_word' id='word_1_327' title='bbox 1346 1860 1575 1909; x_wconf 87' lang='lat' dir='ltr'>spectatores</span> 
     </span>
     <span class='ocr_line' id='line_1_63' title="bbox 904 1903 1577 1949; baseline 0 -10"><span class='ocrx_word' id='word_1_328' title='bbox 904 1905 1079 1939; x_wconf 84' lang='lat' dir='ltr'>dicuntur</span> <span class='ocrx_word' id='word_1_329' title='bbox 1113 1907 1192 1940; x_wconf 90' lang='lat' dir='ltr'><em>tam</em></span> <span class='ocrx_word' id='word_1_330' title='bbox 1228 1904 1380 1938; x_wconf 87' lang='lat' dir='ltr'>subtiles</span> <span class='ocrx_word' id='word_1_331' title='bbox 1412 1903 1577 1949; x_wconf 85' lang='lat' dir='ltr'>disputa-</span> 
     </span>
     <span class='ocr_line' id='line_1_64' title="bbox 905 1948 1577 1993; baseline 0 -9"><span class='ocrx_word' id='word_1_332' title='bbox 905 1950 1024 1985; x_wconf 89' lang='lat' dir='ltr'>tiones</span> <span class='ocrx_word' id='word_1_333' title='bbox 1041 1948 1577 2003; x_wconf 64' lang='grc' dir='ltr'>611116161Εἰ.καταφοβεῖ-</span> 
     </span>
     <span class='ocr_line' id='line_1_65' title="bbox 906 1977 1576 2047; baseline 0 -18"><span class='ocrx_word' id='word_1_334' title='bbox 906 1997 1021 2035; x_wconf 82' lang='grc' dir='ltr'><em>σθον,</em></span> <span class='ocrx_word' id='word_1_335' title='bbox 1071 1991 1122 2040; x_wconf 86' lang='grc' dir='ltr'><em>μή</em></span> <span class='ocrx_word' id='word_1_336' title='bbox 1163 2007 1219 2034; x_wconf 84' lang='grc' dir='ltr'><em>τις</em></span> <span class='ocrx_word' id='word_1_337' title='bbox 1260 1977 1421 2047; x_wconf 72' lang='grc' dir='ltr'><em>ἀμαθία</em></span> <span class='ocrx_word' id='word_1_338' title='bbox 1454 1994 1576 2046; x_wconf 68' lang='grc' dir='ltr'><em>προσῇ</em></span> 
     </span>
     <span class='ocr_line' id='line_1_66' title="bbox 909 2035 1579 2091; baseline -0.003 -17"><span class='ocrx_word' id='word_1_339' title='bbox 909 2042 1000 2080; x_wconf 83' lang='grc' dir='ltr'><em>Τοῖς</em></span> <span class='ocrx_word' id='word_1_340' title='bbox 1024 2039 1290 2091; x_wconf 82' lang='grc' dir='ltr'><em>θεωμένοισιν,</em></span> <span class='ocrx_word' id='word_1_341' title='bbox 1316 2035 1365 2078; x_wconf 80' lang='grc' dir='ltr'><em>ὡς</em></span> <span class='ocrx_word' id='word_1_342' title='bbox 1382 2051 1428 2072; x_wconf 82' lang='grc' dir='ltr'><em>τα</em></span> <span class='ocrx_word' id='word_1_343' title='bbox 1446 2042 1579 2074; x_wconf 87' lang='grc' dir='ltr'><em>Λεπτα</em></span> 
     </span>
     <span class='ocr_line' id='line_1_67' title="bbox 907 2081 1579 2138; baseline -0.001 -19"><span class='ocrx_word' id='word_1_344' title='bbox 907 2083 957 2138; x_wconf 89' lang='grc' dir='ltr'><em>μὴ</em></span> <span class='ocrx_word' id='word_1_345' title='bbox 998 2084 1141 2128; x_wconf 79' lang='grc' dir='ltr'><em>’γνῶναι</em></span> <span class='ocrx_word' id='word_1_346' title='bbox 1183 2081 1397 2138; x_wconf 79' lang='grc' dir='ltr'><em>λεγόντοιν,</em></span> <span class='ocrx_word' id='word_1_347' title='bbox 1438 2082 1579 2138; x_wconf 90' lang='grc' dir='ltr'><em>Μηδεν</em></span> 
     </span>
     <span class='ocr_line' id='line_1_68' title="bbox 906 2123 1578 2184; baseline -0.005 -19"><span class='ocrx_word' id='word_1_348' title='bbox 906 2127 1143 2184; x_wconf 55' lang='grc' dir='ltr'><em>ὀρρωδεῖτε</em></span> <span class='ocrx_word' id='word_1_349' title='bbox 1146 2125 1284 2164; x_wconf 83' lang='grc' dir='ltr'><em>τοῦθ’·</em></span> <span class='ocrx_word' id='word_1_350' title='bbox 1316 2125 1371 2183; x_wconf 55' lang='grc' dir='ltr'><em>,ὡς</em></span> <span class='ocrx_word' id='word_1_351' title='bbox 1408 2125 1477 2163; x_wconf 82' lang='grc' dir='ltr'><em>οὐκ</em></span> <span class='ocrx_word' id='word_1_352' title='bbox 1514 2123 1578 2163; x_wconf 66' lang='grc' dir='ltr'><em>ε”θ</em></span> 
     </span>
     <span class='ocr_line' id='line_1_69' title="bbox 908 2171 1581 2229; baseline -0.005 -19"><span class='ocrx_word' id='word_1_353' title='bbox 908 2187 1005 2210; x_wconf 85' lang='grc' dir='ltr'><em>ουτω</em></span> <span class='ocrx_word' id='word_1_354' title='bbox 1036 2171 1143 2209; x_wconf 86' lang='grc' dir='ltr'><em>ταυτ’</em></span> <span class='ocrx_word' id='word_1_355' title='bbox 1185 2172 1274 2217; x_wconf 86' lang='grc' dir='ltr'><em>ε’.χει</em></span> <span class='ocrx_word' id='word_1_356' title='bbox 1316 2171 1581 2229; x_wconf 80' lang='grc' dir='ltr'><em>Ἐστρατευμέ-</em></span> 
     </span>
     <span class='ocr_line' id='line_1_70' title="bbox 909 2215 1580 2271; baseline -0.004 -17"><span class='ocrx_word' id='word_1_357' title='bbox 909 2232 970 2254; x_wconf 87' lang='grc' dir='ltr'><em>νοι</em></span> <span class='ocrx_word' id='word_1_358' title='bbox 1002 2217 1073 2263; x_wconf 70' lang='grc' dir='ltr'><em>γάρ</em></span> <span class='ocrx_word' id='word_1_359' title='bbox 1113 2217 1184 2253; x_wconf 82' lang='grc' dir='ltr'><em>εἰσι</em></span> <span class='ocrx_word' id='word_1_360' title='bbox 1219 2218 1376 2271; x_wconf 83' lang='grc' dir='ltr'><em>Βιβλιόν</em></span> <span class='ocrx_word' id='word_1_361' title='bbox 1414 2215 1447 2252; x_wconf 85' lang='grc' dir='ltr'><em>τ’</em></span> <span class='ocrx_word' id='word_1_362' title='bbox 1486 2216 1580 2271; x_wconf 73' lang='grc' dir='ltr'><em>ἔχων</em></span> 
     </span>
     <span class='ocr_line' id='line_1_71' title="bbox 911 2259 1512 2308; baseline -0.003 -10"><span class='ocrx_word' id='word_1_363' title='bbox 911 2263 1067 2304; x_wconf 75' lang='grc' dir='ltr'><em>ἕκαστος</em></span> <span class='ocrx_word' id='word_1_364' title='bbox 1092 2259 1305 2308; x_wconf 74' lang='grc' dir='ltr'><em>μανθάνει</em></span> <span class='ocrx_word' id='word_1_365' title='bbox 1314 2260 1360 2297; x_wconf 82' lang='grc' dir='ltr'><em>τὰ</em></span> <span class='ocrx_word' id='word_1_366' title='bbox 1388 2261 1512 2305; x_wconf 77' lang='grc' dir='ltr'><em>δεξιοὶ.</em></span> 
     </span>
    </p>
   </div>
   <div class='ocr_carea' id='block_1_20' title="bbox 906 2318 1583 2820">
    <p class='ocr_par' dir='ltr' id='par_1_22' title="bbox 906 2318 1583 2810">
     <span class='ocr_line' id='line_1_72' title="bbox 960 2318 1580 2363; baseline -0.003 -10"><span class='ocrx_word' id='word_1_367' title='bbox 960 2322 1011 2353; x_wconf 87' lang='lat'><em>15.</em></span> <span class='ocrx_word' id='word_1_368' title='bbox 1052 2319 1129 2353; x_wconf 80' lang='grc' dir='ltr'><em>καὶ</em></span> <span class='ocrx_word' id='word_1_369' title='bbox 1156 2339 1196 2343; x_wconf 80' lang='lat'><strong>—</strong></span> <span class='ocrx_word' id='word_1_370' title='bbox 1222 2318 1422 2363; x_wconf 81' lang='grc' dir='ltr'><em>διελεῖν]</em></span> <span class='ocrx_word' id='word_1_371' title='bbox 1466 2318 1580 2352; x_wconf 87' lang='lat' dir='ltr'>Enar-</span> 
     </span>
     <span class='ocr_line' id='line_1_73' title="bbox 907 2364 1580 2408; baseline -0.003 -10"><span class='ocrx_word' id='word_1_372' title='bbox 907 2364 1003 2398; x_wconf 73' lang='lat' dir='ltr'>ratio</span> <span class='ocrx_word' id='word_1_373' title='bbox 1028 2364 1221 2408; x_wconf 88' lang='lat' dir='ltr'>poetarum</span> <span class='ocrx_word' id='word_1_374' title='bbox 1249 2365 1286 2397; x_wconf 86' lang='lat' dir='ltr'><em>et</em></span> <span class='ocrx_word' id='word_1_375' title='bbox 1311 2374 1370 2398; x_wconf 86' lang='lat' dir='ltr'><em>ars</em></span> <span class='ocrx_word' id='word_1_376' title='bbox 1395 2373 1580 2407; x_wconf 87' lang='lat' dir='ltr'>gramma-</span> 
     </span>
     <span class='ocr_line' id='line_1_74' title="bbox 908 2407 1580 2452; baseline -0.003 -9"><span class='ocrx_word' id='word_1_377' title='bbox 908 2409 984 2444; x_wconf 85' lang='lat' dir='ltr'>tica</span> <span class='ocrx_word' id='word_1_378' title='bbox 1009 2419 1030 2442; x_wconf 86' lang='lat' dir='ltr'>a</span> <span class='ocrx_word' id='word_1_379' title='bbox 1056 2408 1260 2452; x_wconf 86' lang='lat' dir='ltr'>Protagora</span> <span class='ocrx_word' id='word_1_380' title='bbox 1284 2407 1455 2442; x_wconf 86' lang='lat' dir='ltr'>conditae</span> <span class='ocrx_word' id='word_1_381' title='bbox 1481 2409 1580 2451; x_wconf 83' lang='lat' dir='ltr'>sunt,</span> 
     </span>
     <span class='ocr_line' id='line_1_75' title="bbox 910 2434 1580 2498; baseline -0.004 -10"><span class='ocrx_word' id='word_1_382' title='bbox 910 2453 983 2491; x_wconf 84' lang='lat' dir='ltr'><em>vid</em></span> <span class='ocrx_word' id='word_1_383' title='bbox 1007 2453 1213 2498; x_wconf 88' lang='lat' dir='ltr'>prolegom.</span> <span class='ocrx_word' id='word_1_384' title='bbox 1241 2464 1275 2496; x_wconf 86' lang='lat' dir='ltr'><em>p.</em></span> <span class='ocrx_word' id='word_1_385' title='bbox 1302 2456 1333 2496; x_wconf 85' lang='lat'><em>5,</em></span> <span class='ocrx_word' id='word_1_386' title='bbox 1361 2453 1398 2487; x_wconf 92' lang='lat' dir='ltr'><em>et</em></span> <span class='ocrx_word' id='word_1_387' title='bbox 1423 2434 1580 2494; x_wconf 62' lang='lat' dir='ltr'>utraque}</span> 
     </span>
     <span class='ocr_line' id='line_1_76' title="bbox 908 2497 1580 2542; baseline -0.004 -10"><span class='ocrx_word' id='word_1_388' title='bbox 908 2499 984 2532; x_wconf 87' lang='lat' dir='ltr'><em>iam</em></span> <span class='ocrx_word' id='word_1_389' title='bbox 1008 2509 1100 2542; x_wconf 88' lang='lat' dir='ltr'>opus</span> <span class='ocrx_word' id='word_1_390' title='bbox 1125 2499 1217 2540; x_wconf 88' lang='lat' dir='ltr'>erat,</span> <span class='ocrx_word' id='word_1_391' title='bbox 1244 2497 1344 2540; x_wconf 90' lang='lat' dir='ltr'>quod</span> <span class='ocrx_word' id='word_1_392' title='bbox 1374 2497 1580 2531; x_wconf 85' lang='lat' dir='ltr'>carminum</span> 
     </span>
     <span class='ocr_line' id='line_1_77' title="bbox 913 2541 1581 2590; baseline -0.006 -12"><span class='ocrx_word' id='word_1_393' title='bbox 913 2543 1119 2578; x_wconf 84' lang='lat' dir='ltr'>sententiae</span> <span class='ocrx_word' id='word_1_394' title='bbox 1145 2553 1256 2586; x_wconf 84' lang='lat' dir='ltr'>saepe</span> <span class='ocrx_word' id='word_1_395' title='bbox 1281 2542 1381 2576; x_wconf 89' lang='lat' dir='ltr'>tecte</span> <span class='ocrx_word' id='word_1_396' title='bbox 1399 2541 1581 2590; x_wconf 82' lang='lat' dir='ltr'>significa-</span> 
     </span>
     <span class='ocr_line' id='line_1_78' title="bbox 909 2585 1583 2636; baseline -0.006 -13"><span class='ocrx_word' id='word_1_397' title='bbox 909 2589 968 2622; x_wconf 88' lang='lat' dir='ltr'><em>tae</em></span> <span class='ocrx_word' id='word_1_398' title='bbox 993 2589 1032 2623; x_wconf 87' lang='lat' dir='ltr'><em>et</em></span> <span class='ocrx_word' id='word_1_399' title='bbox 1048 2588 1164 2622; x_wconf 86' lang='lat' dir='ltr'>verba</span> <span class='ocrx_word' id='word_1_400' title='bbox 1187 2587 1306 2620; x_wconf 84' lang='lat' dir='ltr'>multa</span> <span class='ocrx_word' id='word_1_401' title='bbox 1330 2597 1352 2620; x_wconf 90' lang='lat' dir='ltr'>a</span> <span class='ocrx_word' id='word_1_402' title='bbox 1376 2585 1583 2636; x_wconf 77' lang='lat' dir='ltr'>quotidiani</span> 
     </span>
     <span class='ocr_line' id='line_1_79' title="bbox 908 2630 1581 2667; baseline -0.004 0"><span class='ocrx_word' id='word_1_403' title='bbox 908 2632 1085 2667; x_wconf 86' lang='lat' dir='ltr'>sermonis</span> <span class='ocrx_word' id='word_1_404' title='bbox 1121 2644 1189 2666; x_wconf 87' lang='lat' dir='ltr'><em>usu</em></span> <span class='ocrx_word' id='word_1_405' title='bbox 1227 2631 1465 2666; x_wconf 79' lang='lat' dir='ltr'>abholrentia</span> <span class='ocrx_word' id='word_1_406' title='bbox 1504 2630 1581 2665; x_wconf 88' lang='lat' dir='ltr'>sine</span> 
     </span>
     <span class='ocr_line' id='line_1_80' title="bbox 907 2676 1579 2727; baseline -0.002 -17"><span class='ocrx_word' id='word_1_407' title='bbox 907 2677 1215 2727; x_wconf 88' lang='lat' dir='ltr'>interpretatione</span> <span class='ocrx_word' id='word_1_408' title='bbox 1242 2687 1263 2710; x_wconf 88' lang='lat' dir='ltr'>a</span> <span class='ocrx_word' id='word_1_409' title='bbox 1286 2676 1473 2721; x_wconf 88' lang='lat' dir='ltr'>plerisque</span> <span class='ocrx_word' id='word_1_410' title='bbox 1498 2686 1579 2720; x_wconf 88' lang='lat' dir='ltr'>per-</span> 
     </span>
     <span class='ocr_line' id='line_1_81' title="bbox 906 2721 1582 2775; baseline -0.003 -19"><span class='ocrx_word' id='word_1_411' title='bbox 906 2733 1032 2765; x_wconf 85' lang='lat' dir='ltr'>peram</span> <span class='ocrx_word' id='word_1_412' title='bbox 1080 2721 1406 2775; x_wconf 85' lang='lat' dir='ltr'>intelligebantur.</span> <span class='ocrx_word' id='word_1_413' title='bbox 1457 2721 1582 2755; x_wconf 78' lang='grc' dir='ltr'><em>αἴτιον</em></span> 
     </span>
     <span class='ocr_line' id='line_1_82' title="bbox 909 2761 1581 2820; baseline 0.001 -20"><span class='ocrx_word' id='word_1_414' title='bbox 909 2768 974 2809; x_wconf 81' lang='grc' dir='ltr'><em>τῆς</em></span> <span class='ocrx_word' id='word_1_415' title='bbox 999 2767 1260 2819; x_wconf 78' lang='grc' dir='ltr'><em>γραμματικῆς</em></span> <span class='ocrx_word' id='word_1_416' title='bbox 1292 2762 1314 2809; x_wconf 88' lang='grc' dir='ltr'>ἡ</span> <span class='ocrx_word' id='word_1_417' title='bbox 1341 2761 1512 2820; x_wconf 75' lang='grc' dir='ltr'><em>ἀσάφεια</em></span> <span class='ocrx_word' id='word_1_418' title='bbox 1539 2795 1545 2801; x_wconf 95' lang='grc'><em>.</em></span> <span class='ocrx_word' id='word_1_419' title='bbox 1572 2792 1581 2800; x_wconf 93' lang='grc'><strong>.</strong></span> 
     </span>
    </p>
   </div>
   <div class='ocr_carea' id='block_1_21' title="bbox 910 2807 1583 2893">
    <p class='ocr_par' dir='ltr' id='par_1_23' title="bbox 910 2807 1583 2891">
     <span class='ocr_line' id='line_1_83' title="bbox 910 2807 1583 2855; baseline -0.004 -10"><span class='ocrx_word' id='word_1_420' title='bbox 910 2809 949 2845; x_wconf 74' lang='grc' dir='ltr'><em>ἐν</em></span> <span class='ocrx_word' id='word_1_421' title='bbox 991 2816 1068 2851; x_wconf 84' lang='grc' dir='ltr'><em>τοῖς</em></span> <span class='ocrx_word' id='word_1_422' title='bbox 1104 2809 1288 2855; x_wconf 86' lang='grc' dir='ltr'><em>ποιήμασι</em></span> <span class='ocrx_word' id='word_1_423' title='bbox 1324 2807 1397 2845; x_wconf 78' lang='grc' dir='ltr'><em>κτὲ.</em></span> <span class='ocrx_word' id='word_1_424' title='bbox 1439 2809 1583 2844; x_wconf 83' lang='lat' dir='ltr'>Bekker</span> 
     </span>
     <span class='ocr_line' id='line_1_84' title="bbox 910 2852 1583 2893; baseline -0.006 -3"><span class='ocrx_word' id='word_1_425' title='bbox 910 2856 1077 2893; x_wconf 81' lang='lat' dir='ltr'>anecdot</span> <span class='ocrx_word' id='word_1_426' title='bbox 1104 2856 1118 2889; x_wconf 83' lang='grc' dir='ltr'>Ι</span> <span class='ocrx_word' id='word_1_427' title='bbox 1151 2859 1226 2891; x_wconf 79' lang='grc'>656.</span> <span class='ocrx_word' id='word_1_428' title='bbox 1274 2855 1321 2889; x_wconf 87' lang='lat' dir='ltr'>Et</span> <span class='ocrx_word' id='word_1_429' title='bbox 1353 2854 1498 2890; x_wconf 85' lang='lat' dir='ltr'>Platoni</span> <span class='ocrx_word' id='word_1_430' title='bbox 1529 2852 1583 2887; x_wconf 87' lang='lat' dir='ltr'><em>Si·</em></span> 
     </span>
    </p>
   </div>
   <div class='ocr_carea' id='block_1_22' title="bbox 1293 2915 1313 2945">
    <p class='ocr_par' dir='ltr' id='par_1_24' title="bbox 1293 2915 1313 2945">
     <span class='ocr_line' id='line_1_85' title="bbox 1293 2915 1313 2945; baseline 0 0"><span class='ocrx_word' id='word_1_431' title='bbox 1293 2915 1313 2945; x_wconf 85' lang='lat'>9</span> 
     </span>
    </p>
   </div>
  </div>
 </body>
</html>
