1939 3214
307 155 359 197 13
819 154 1183 190 PROLEGOMENA

306 258 352 297 at
381 270 469 297 non
501 257 831 310 compensantur
852 255 1105 308 amissae.29)
1149 256 1300 310 Neque
1322 257 1395 311 qui
1416 257 1592 300 audaces
1614 260 1730 312 sunt,

305 312 467 366 inquit,
513 313 543 353 ii
584 312 783 354 continuo
822 312 953 353 fortes
990 312 1167 354 iudicari
1208 313 1377 354 debent.
1466 313 1577 355 Nam
1616 315 1731 356 inter

307 369 527 410 audaciam
567 370 609 410 et
638 368 933 409 fortitudinem
964 368 1045 410 hoc
1076 369 1273 423 interest,
1315 369 1427 423 quod
1465 369 1539 411 illa
1570 373 1645 412 aut
1675 371 1730 412 ab

306 425 370 466 ira
408 427 482 465 aut
519 425 571 466 ab
607 424 708 465 artis
741 424 917 465 alicuius
958 425 1240 478 proficiscitur
1277 425 1476 476 scientia,
1521 425 1729 468 fortitudo

308 483 449 522 autem
480 481 532 522 ab
553 481 751 522 universa
772 480 958 522 hominis
979 483 1134 522 natura
1156 482 1370 536 animique
1391 481 1730 524 conformatione

307 535 413 593 (ἀπὸ
445 537 631 590 φώσεως
664 537 738 577 καὶ
771 535 1013 590 εὐτροφίας
1043 540 1134 578 τῶν
1165 541 1339 592 ψυχῶν)
1380 538 1510 579 fluere
1540 540 1732 592 putanda

307 593 451 648 est.30)
512 592 560 634 P.
594 592 675 634 347
709 592 745 633 Β
776 618 829 622 -
860 593 941 634 351
976 592 1023 634 Β.

420 739 477 781 29)
505 737 633 787 Cicer..
648 737 693 771 de
712 748 787 774 sen.
806 748 835 772 c.
854 737 923 771 IX:
949 738 1037 772 Milo
1056 748 1138 772 cum
1154 739 1229 772 iam
1247 749 1360 773 senex
1378 740 1474 774 esset
1493 739 1731 784 athletasque

306 794 345 818 se
377 784 591 817 exercentes
622 794 660 816 111
686 783 867 817 curriculo
894 782 1057 825 videret,
1090 783 1276 827 aspexisse
1301 784 1462 818 lacertos
1487 795 1572 819 suos
1597 784 1732 819 dicitur

305 827 620 870 inlacrimansque
652 827 803 862 dixisse:
850 827 916 862 ‘At
946 827 986 861 hi
1019 827 1170 872 quidem
1202 829 1340 863 mortui
1370 828 1445 863 iam
1479 830 1591 864 sunt'.
1647 829 1732 864 Non

305 883 394 908 vero
425 874 503 907 tam
534 872 596 906 isti
629 883 741 915 quam
766 874 806 907 tu
830 873 913 916 ipse
937 874 1108 917 nugator.
1156 873 1287 916 Neque
1312 873 1410 908 enim
1435 885 1480 909 ex
1503 875 1540 908 te
1565 885 1732 918 unquam

306 929 343 953 es
367 918 602 960 nobilitatus,
627 917 691 952 sed
718 928 761 952 ex
786 918 966 952 lateribus
992 919 1030 953 et
1054 918 1204 953 lacertis
1227 918 1312 953 tuis.

420 965 478 1005 30)
503 962 723 997 Aristoteles
761 963 860 1007 (Eth.
899 962 980 997 Nic.
1012 963 1077 997 III.
1114 966 1169 1007 11)
1207 963 1305 998 hunc
1341 964 1572 1008 Protagorae
1606 964 1731 998 locum

309 1007 508 1052 respiciens
533 1008 631 1042 inter
656 1018 701 1041 ea
726 1019 821 1051 quae
848 1009 1045 1052 speciem
1070 1019 1183 1043 verae
1207 1008 1438 1042 fortitudinis
1461 1009 1644 1050 habeant,
1671 1019 1730 1043 ex-

305 1053 531 1097 perientiam
559 1052 793 1097 (ἐμπειρίαν)
828 1053 865 1087 et
893 1052 988 1087 iram
1020 1052 1182 1097 (θυμόν)
1209 1052 1329 1091 affert.
1369 1053 1417 1087 Et
1442 1053 1594 1096 quidem
1618 1053 1675 1088 ira
1698 1052 1733 1087 ei

313 1109 336 1133 a
367 1098 504 1132 natura
534 1097 766 1132 fortitudinis
797 1097 951 1142 propius
982 1097 1112 1132 abesse
1139 1099 1177 1132 et
1200 1097 1361 1133 fortibus
1387 1109 1465 1133 esse
1491 1097 1657 1132 subsidio
1681 1098 1733 1132 vi-

306 1143 417 1177 detur
450 1140 508 1185 (οἵ
533 1140 749 1186 ἀνδρεῖοι
783 1139 863 1176 διὰ
895 1139 943 1177 τὸ
977 1141 1115 1177 καλὸν
1140 1140 1448 1187 πράττουσιν,
1481 1140 1500 1177 ὃ
1536 1141 1578 1178 δὲ
1603 1140 1732 1186 θυμὸς

307 1192 483 1232 συνεργεῖ
507 1185 674 1231 αὐτοῖς),
707 1189 797 1223 artis
832 1188 958 1222 autem
988 1188 1124 1231 peritia
1155 1188 1216 1222 vel
1249 1188 1406 1223 scientia
1441 1187 1505 1231 qui
1530 1188 1731 1231 confidant,

307 1244 369 1268 eos
399 1233 465 1268 ubi
496 1233 587 1277 quid
618 1234 749 1268 contra
774 1244 878 1277 spem
903 1232 1082 1267 acciderit
1106 1233 1264 1268 abiectis
1290 1233 1423 1268 animis
1447 1232 1617 1277 pericula
1642 1233 1733 1268 dicit

308 1278 439 1322 fugere
464 1279 622 1312 mortem
647 1278 773 1322 potius
793 1288 906 1321 quam
925 1277 1085 1312 dedecus
1102 1278 1420 1322 pertimescentes.
1460 1278 1509 1312 Et
1525 1277 1633 1313 Plato
1651 1278 1732 1322 ipse

306 1323 343 1357 in
361 1324 523 1358 Lachete
549 1327 599 1367 (p.
627 1327 690 1358 194
708 1323 752 1367 E)
779 1323 967 1358 dicentem
991 1323 1082 1357 facit
1108 1323 1299 1358 Socratem
1325 1323 1414 1357 artis
1441 1323 1596 1357 alicuius
1619 1323 1733 1357 scien-

308 1369 401 1402 tiam
432 1368 523 1402 nihil
556 1369 741 1412 attingere
775 1368 896 1411 ipsam
921 1368 1191 1405 fortitudinem,
1240 1368 1337 1402 Mira
1360 1368 1477 1411 igitur
1500 1371 1602 1410 sunt,
1635 1378 1732 1410 quae

308 1413 415 1448 Felix
440 1413 679 1451 Ramorinus.
713 1414 751 1447 in
777 1412 998 1447 Taurinensi
1022 1413 1217 1448 Athenaeo
1241 1414 1444 1457 professor,
1476 1413 1540 1456 qui
1563 1414 1732 1456 proximo

307 1469 403 1493 anno
427 1459 464 1492 in
481 1457 649 1493 Platonis
665 1457 913 1502 Protagoram
933 1458 1216 1501 explanationes
1235 1457 1394 1503 scripsit,
1420 1459 1465 1492 de
1482 1458 1554 1492 hac
1571 1457 1733 1492 Socratis

307 1504 634 1548 argumentatione
661 1505 932 1538 commentatus
958 1505 1025 1537 est.
1082 1503 1198 1537 Recte
1224 1503 1322 1538 enim
1348 1503 1541 1538 Socratem
1565 1502 1732 1537 conclus-

308 1549 379 1584 isse
404 1548 462 1583 his
488 1548 695 1583 rationibus
721 1548 792 1582 sibi
818 1548 965 1582 videtur
989 1547 1150 1592 probare
1175 1560 1209 1593 p.
1237 1553 1296 1583 77:
1329 1548 1569 1593 Protagoras,
1597 1548 1732 1592 inquit,

310 1594 472 1638 ineptias
504 1593 677 1628 effutiens
702 1592 864 1628 Socratis
897 1594 1159 1637 argumentum
1185 1592 1359 1627 falsitatis
1384 1603 1542 1638 arguere
1567 1594 1733 1627 conatur.

310 1639 515 1681 „Consensi
541 1639 727 1681 equidem,
754 1639 818 1680 ait,
843 1648 969 1671 omnes
986 1639 1100 1672 fortes
1119 1649 1196 1672 esse
1213 1638 1382 1680 fidentes,
1408 1638 1474 1672 sed
1491 1648 1729 1680 nequaquam

307 1684 465 1718 fidentes
499 1695 577 1718 esse
609 1684 765 1719 fortes.“
813 1682 982 1725 Ecquid?
1029 1683 1129 1716 Num
1159 1683 1197 1716 in
1229 1683 1350 1717 verbis
1377 1682 1574 1717 Socraticis
1603 1683 1643 1717 id
1666 1694 1733 1718 ne-

307 1730 443 1774 gatur?
493 1728 624 1762 Nonne
649 1729 756 1772 patet
782 1728 857 1762 imo
883 1727 1127 1772 apertissime,
1155 1728 1220 1770 qui
1244 1728 1450 1772 distinguat
1467 1724 1554 1768 τοὺς
1574 1728 1734 1762 scienter

306 1775 463 1809 fidentes
496 1773 542 1807 ab
581 1773 824 1807 inscientibus
862 1774 1079 1817 prioresque
1117 1773 1236 1807 solum
1273 1773 1388 1807 fortes
1421 1772 1605 1816 appellari
1629 1772 1733 1816 velit,

308 1820 406 1854 hunc
432 1818 714 1862 subintelligere
739 1829 813 1853 non
840 1828 967 1852 omnes
992 1817 1150 1852 fidentes
1176 1828 1253 1852 esse
1279 1817 1418 1852 fortes?
1456 1817 1584 1862 Pergit
1602 1817 1734 1852 Prota-

308 1875 433 1909 goras,
471 1864 603 1898 eadem
639 1863 785 1897 ratione
823 1862 991 1897 convinci
1023 1863 1137 1896 etiam
1162 1873 1270 1907 posse
1296 1863 1397 1907 quod
1434 1863 1636 1897 scientia
1672 1863 1735 1896 sit

307 1909 464 1951 robur,
496 1909 671 1951 quoniam
703 1908 817 1942 robur
842 1909 889 1941 sit
912 1907 1101 1952 potentia,
1132 1908 1304 1952 potentia
1329 1908 1456 1941 autem
1480 1908 1599 1942 maior
1623 1907 1672 1941 sit
1694 1908 1734 1941 in

309 1966 351 1990 eo
371 1953 433 1998 qui
451 1955 568 1988 artem
586 1953 754 1987 luctandi
770 1953 886 1987 novit.
929 1951 1073 1995 Ecquid
1093 1952 1164 1986 hoc
1189 1953 1315 1987 vetat?
1359 1952 1396 1987 Si
1412 1952 1526 1986 robur
1542 1952 1732 1998 intelligas

309 2001 428 2034 artem
454 1998 635 2040 luctandi,
661 2008 783 2032 nonne
808 1997 1093 2031 fundamentum
1118 1997 1226 2031 huius
1251 1997 1341 2031 artis
1366 1998 1424 2031 est
1446 1997 1594 2042 peritia,
1620 1997 1658 2031 id
1677 1999 1735 2031 est

311 2045 439 2087 aliqua
464 2043 642 2078 scientia?
667 2044 780 2077 robur
806 2041 905 2077 enim
930 2042 1007 2076 sine
1033 2042 1170 2086 peritia
1194 2042 1255 2077 vix
1281 2041 1422 2085 aliquid
1447 2053 1490 2076 ac
1509 2053 1556 2076 ne
1572 2042 1634 2077 vix
1651 2042 1733 2086 qui-

309 2090 395 2124 dem
414 2089 451 2122 in
470 2088 727 2122 contendendo
743 2087 858 2122 valet.
883 2111 925 2116 -
951 2087 1010 2122 Ad
1026 2087 1118 2121 haec
1135 2089 1282 2121 tantum
1300 2087 1398 2121 addo
1424 2088 1463 2121 et
1486 2087 1734 2132 Protagoram

309 2133 518 2169 definivisse
559 2131 669 2178 ἰσχὺν
697 2134 838 2176 (robur)
878 2134 1085 2176 γίγνεσθαι
1123 2130 1198 2167 ἀπὸ
1239 2130 1390 2176 φύσεως
1425 2132 1489 2166 καὶ
1523 2129 1734 2177 εὖτροφιάς

309 2182 384 2215 τῶν
419 2178 620 2221 σωμάτων,
652 2189 773 2222 neque
799 2178 1006 2221 Socratem,
1030 2178 1231 2221 antequam
1257 2176 1623 2221 argumentationem
1649 2188 1733 2211 con-

309 2224 490 2266 cluderet,
506 2223 646 2268 apertis
660 2223 786 2258 verbis
800 2223 1020 2257 indicavisse
1035 2233 1073 2256 se
1089 2223 1310 2264 urinatores,
1326 2222 1553 2267 peltasticos‚
1564 2222 1733 2265 aliosque

308 2270 348 2304 id
380 2280 498 2314 genus
530 2279 678 2311 omnes,
711 2268 844 2312 quibus
876 2268 967 2302 artis
997 2267 1134 2312 peritia
1157 2267 1332 2302 fiduciam
1357 2266 1489 2311 addit„
1512 2267 1551 2300 in
1575 2266 1733 2301 fortibus

311 2324 520 2349 numerare.
568 2314 615 2348 Et
639 2313 828 2348 verissime
846 2313 886 2348 Ε.
904 2312 925 2346 J
929 2323 1036 2356 oyau,
1062 2313 1099 2346 in
1118 2312 1283 2356 Collegio
1302 2311 1586 2356 Engolismiensi
1609 2311 1733 2356 philo-

313 2359 465 2404 sophiae
491 2360 691 2402 professor,
723 2358 761 2392 in
786 2358 1050 2392 dissertatione
1076 2358 1120 2392 de
1145 2357 1311 2392 Platonis
1334 2357 1542 2400 Protagora
1567 2358 1641 2391 sive
1668 2356 1733 2390 So-

313 2405 452 2439 cratica
477 2403 522 2437 de
547 2406 682 2437 natura
707 2403 853 2437 virtutis
871 2402 1042 2437 doctrina
1059 2402 1235 2445 (Parisiis,
1263 2402 1417 2436 Germer
1433 2401 1602 2436 Balliere.
1630 2403 1733 2445 1879)

312 2461 348 2494 Ρ.
367 2454 426 2485 52:
453 2447 636 2491 Socrates,
662 2449 794 2490 inquit,
819 2447 996 2482 virtutem
1020 2458 1093 2481 non
1120 2459 1204 2482 eam
1222 2447 1389 2492 appellat
1407 2447 1610 2490 scientiam,
1636 2457 1732 2490 quae

314 2505 451 2529 vanam
478 2493 593 2527 animi
618 2494 873 2528 curiositatem
899 2492 1047 2536 expleat
1064 2503 1225 2536 quaque,
1251 2492 1339 2525 dum
1357 2491 1427 2525 1100
1445 2491 1614 2534 sciamus,
1639 2491 1734 2526 illud.

312 2541 439 2574 tamen
463 2540 689 2583 ignoremus,
716 2538 782 2572 sed
806 2537 927 2581 ipsam
951 2538 1092 2582 ingenii
1118 2537 1319 2571 sollertiam
1337 2535 1640 2579 firmitatemque,
1658 2546 1734 2579 qua

313 2596 441 2619 verum
477 2584 646 2619 invenire
673 2585 709 2618 et
741 2593 763 2616 a
792 2582 888 2616 falso
914 2582 1123 2617 discernere
1149 2582 1327 2616 valemus.
1378 2580 1498 2622 Quum
1522 2582 1636 2626 igitur
1659 2592 1734 2615 non

312 2629 384 2663 nisi
407 2631 512 2664 recta
535 2629 674 2663 iudicia
696 2629 871 2670 feramus,
897 2628 1078 2662 maiorem
1102 2637 1292 2670 nunquam
1317 2637 1362 2661 ex
1378 2625 1454 2660 illis
1474 2626 1583 2661 rebus
1601 2625 1732 2669 volup-

313 2675 432 2708 tatem
462 2673 708 2718 percipimus,
741 2683 834 2717 quae
866 2673 990 2717 reipsa
1020 2672 1164 2716 peiores
1194 2673 1297 2714 sunt,
1339 2681 1457 2713 eaque
1490 2673 1576 2705 ante
1607 2671 1733 2705 omnia

313 2719 519 2763 diligimus,
547 2730 642 2762 quae
674 2729 760 2753 vere
786 2718 928 2761 optima
953 2720 1048 2752 sunt.
1096 2717 1172 2751 Nos
1199 2728 1243 2751 ex
1269 2716 1368 2751 omni
1393 2716 1630 2760 voluptatum
1655 2726 1731 2750 ser-

315 2764 433 2798 vitute
468 2764 563 2797 ratio
591 2764 752 2808 expedit.
802 2762 1033 2796 Libertatem
1057 2764 1179 2796 rectus
1202 2762 1414 2796 intellectus
1440 2761 1507 2795 alit
1531 2764 1570 2795 et
1592 2761 1730 2802 tuetur,

315 2810 356 2843 ut
381 2809 434 2844 ait
459 2808 684 2888 Lleibnitzius
711 2808 864 2853 (The'od.
891 2813 922 2851 3,
949 2811 1030 2843 288:
1061 2806 1344 2850 L'intelligence
1370 2807 1427 2841 est
1452 2816 1595 2841 comme
1620 2805 1731 2840 l'ame

315 2854 362 2888 de
387 2854 425 2889 la
449 2853 476 2887 li
506 2854 609 2895 erte).
