1907 3230
646 184 712 217 AD
737 183 1088 219 PROTAGORAM.
1533 189 1584 230 17

171 283 269 324 dum
309 289 350 323 et
388 283 440 323 ad
480 285 642 325 exitum
672 284 1000 337 perducendum.
1062 285 1273 327 Nimirum
1304 287 1584 330 constitutum

168 342 260 380 erat
296 341 441 390 antea,
488 343 554 389 ut,
599 342 825 394 postquam
865 340 1122 395 Protagoras
1161 342 1239 383 sibi
1279 343 1605 398 interrogando

170 395 464 445 satisfecisset,
504 395 698 437 Socrates
730 396 914 437 vicissim
947 397 1250 451 interrogantis
1280 401 1423 452 partes
1455 400 1583 441 susci-

166 455 305 504 peret,
339 451 529 505 sophista
560 451 658 493 huic
689 452 974 506 responderet.
1027 453 1084 494 Et
1116 453 1310 495 Socrates
1342 455 1510 509 quidem
1541 470 1584 496 se

167 510 363 560 paratum
410 507 595 548 ostendit
639 508 692 547 ad
731 522 967 549 sermonem
1013 510 1321 564 peragendum,
1370 511 1492 552 modo
1531 526 1584 552 ne

167 577 310 604 rursus
350 563 399 604 de
432 563 689 604 carminibus
720 563 971 605 disseratur:
1011 565 1161 606 horum
1193 567 1306 607 enim
1336 567 1585 621 interpreta-

167 620 327 660 tionem
367 619 586 660 admodum
629 620 826 661 dedecere
864 620 1059 662 homines
1091 622 1322 663 liberaliter
1352 624 1583 674 institutos,

167 676 324 729 quippe
357 675 519 730 ingenii
541 679 666 729 atque
688 676 936 718 eruditionis
959 691 1162 732 magnam
1185 682 1434 733 arguentem
1455 694 1586 733 penu·

167 732 285 774 riam.
343 731 603 785 Protagoras
652 733 793 773 autem
839 734 1072 788 aegerrime
1119 734 1281 787 ferens,
1337 735 1446 789 quod
1495 738 1586 776 erat

171 787 427 838 confutatus,
464 801 557 828 cum
580 801 627 828 eo
649 802 776 841 porro
809 789 990 843 colloqui
1028 792 1227 844 gravatur
1264 805 1312 832 ac
1342 791 1486 831 multis
1517 791 1586 832 de-

167 857 282 883 mum
322 843 478 884 Calliae
517 846 835 898 ceterorumque
877 847 948 899 qui
979 846 1157 887 aderant
1186 847 1381 900 precibus
1413 861 1462 888 eo
1494 861 1584 901 per-

167 901 377 951 movetur,
409 904 456 940 ut
486 899 548 939 illi
580 901 800 953 quaerenti
831 901 1098 956 respondeat.

278 954 438 996 Rursus
470 956 602 1010 igitur
623 955 817 998 Socrates
849 957 894 998 in
927 958 1127 998 virtutum
1159 960 1356 999 naturam
1388 973 1436 1000 ac
1457 959 1587 999 ratio-

164 1024 261 1052 nem
292 1012 473 1065 inquirit
504 1015 545 1052 et
575 1013 825 1068 interrogat,
859 1014 1093 1055 virtutesne
1124 1013 1233 1055 nihil
1263 1015 1346 1055 nisi
1376 1015 1493 1056 varia
1513 1029 1586 1055 no-

164 1068 279 1108 mina
315 1068 440 1108 unius
479 1068 746 1123 eiusdemque
785 1070 845 1110 rei
885 1084 974 1111 esse
1013 1070 1269 1111 videantur?
1339 1070 1587 1125 Respondet

163 1123 421 1177 Protagoras
459 1124 664 1166 iustitiam
702 1125 889 1179 quidem,
922 1126 1143 1179 pietatem,
1173 1127 1499 1181 temperentiam
1543 1129 1586 1168 et

165 1179 419 1233 sapientiam
458 1194 548 1221 esse
579 1181 691 1222 inter
721 1195 765 1222 se
796 1181 1033 1223 simillimas
1066 1208 1118 1212 —
1150 1182 1227 1223 has
1259 1183 1371 1224 enim
1403 1184 1582 1224 virtutes

167 1234 360 1276 Socrates
392 1238 517 1277 antea
548 1237 768 1278 ostendere
799 1241 976 1278 conatus
1008 1241 1099 1279 erat
1128 1253 1258 1279 unum
1279 1239 1472 1292 idemque
1495 1253 1586 1279 esse

163 1315 217 1320 —
239 1292 310 1332 sed
333 1291 561 1345 plurimum
585 1293 637 1333 ab
659 1292 725 1333 his
747 1293 913 1334 differre
934 1293 1250 1335 fortitudinem:
1283 1308 1590 1348 saepenumero

169 1347 282 1388 enim
321 1347 523 1401 accidere,
556 1351 604 1389 ut
635 1349 707 1402 qui
739 1350 890 1390 ceteris
921 1352 1094 1390 careant
1124 1350 1366 1401 virtutibus,
1398 1351 1429 1391 ii
1459 1350 1588 1405 longe

163 1403 387 1444 fortissimi
418 1404 517 1448 sint.
578 1404 713 1453 Quam
745 1406 1000 1446 sententiam
1022 1409 1069 1447 ut
1098 1405 1328 1462 redarguat
1357 1421 1587 1461 omnesque

169 1460 348 1509 virtutes
379 1462 422 1501 et
450 1475 581 1513 unum
613 1474 702 1502 esse
734 1465 776 1503 et
806 1462 850 1502 in
883 1463 1060 1503 scientia
1092 1465 1287 1504 constare
1310 1462 1586 1515 demonstret,

167 1516 362 1558 Socrates
400 1516 484 1557 iam
516 1517 764 1572 aggreditur
795 1518 946 1560 docere
978 1518 1275 1560 fortitudinem
1305 1520 1395 1560 sine
1424 1521 1587 1573 sapien-

167 1572 239 1625 tia,
274 1586 400 1626 quam
422 1587 536 1614 nunc
559 1574 681 1614 modo
704 1576 885 1629 σοφίαν,
907 1576 1030 1616 modo
1054 1574 1303 1629 ἐπιστήμην
1324 1575 1514 1630 appellat
1524 1576 1587 1630 ²8),

164 1643 382 1682 nunquam
421 1643 545 1683 posse
577 1630 769 1672 existere.
831 1630 979 1685 Itaque
1011 1631 1079 1686 qui
1111 1631 1244 1672 fortes
1277 1635 1395 1682 sunt,
1436 1632 1586 1686 inquit,

165 1698 236 1726 eos
276 1685 454 1726 audaces
500 1699 589 1727 esse
635 1686 762 1727 facile
808 1687 1016 1741 largieris,
1078 1687 1159 1736 Qui
1202 1690 1344 1728 autem
1383 1687 1586 1728 audacter

166 1741 477 1795 aggrediuntur
507 1742 571 1796 id,
604 1743 720 1783 cuius
753 1742 932 1783 scientes
965 1746 1083 1797 sunt,
1123 1743 1348 1784 laudantur
1378 1743 1588 1797 iidemque

167 1810 248 1851 quo
287 1797 554 1850 scientiores,
601 1811 649 1838 eo
688 1801 789 1839 sunt
819 1798 1080 1849 audaciores,
1125 1802 1274 1840 contra
1305 1799 1376 1853 qui
1408 1799 1588 1841 audaces

167 1853 213 1893 in
252 1866 300 1894 eo
333 1856 452 1902 sunt,
493 1854 609 1895 cuius
640 1854 804 1895 nullam
835 1854 996 1896 habent
1026 1856 1339 1909 cognitionem,
1378 1856 1408 1896 ii
1439 1855 1589 1897 merito

168 1909 310 1949 insani
350 1909 603 1951 iudicantur.
666 1910 816 1951 Omnis
850 1914 992 1952 autem
1023 1912 1156 1952 virtus
1187 1914 1362 1966 propter
1392 1914 1589 1953 naturam

167 1979 286 2006 suam
317 1979 488 2007 necesse
521 1969 584 2007 est
614 1969 754 2007 careat
783 1966 890 2008 vitio
921 1981 969 2008 ac
990 1967 1334 2021 reprehensione,
1367 1968 1465 2021 quia
1487 1968 1589 2009 alio-

166 2021 270 2075 quin
301 2022 471 2063 virtutis
501 2023 675 2063 nomine
706 2022 884 2078 indigna
913 2023 1036 2064 foret.
1097 2023 1162 2064 Ex
1192 2037 1274 2078 quo
1299 2024 1585 2078 consequitur,

171 2080 218 2118 ut
240 2092 288 2118 ea
309 2078 433 2119 modo
457 2078 645 2133 audacia,
677 2093 785 2133 quae
807 2079 1029 2120 scientiam
1052 2079 1131 2121 sibi
1156 2080 1400 2121 adiunctam
1421 2080 1588 2131 habeat,

168 2147 246 2187 pro
285 2134 441 2175 virtute
480 2134 626 2176 haberi
665 2135 813 2189 possit.
872 2135 996 2180 Unde
1027 2134 1220 2178 Socrates
1261 2136 1425 2191 colligit
1455 2136 1589 2177 scien-

167 2190 270 2230 tiam
315 2203 404 2230 esse
450 2190 757 2233 fortitudinem.
833 2191 969 2240 Quam
1014 2192 1330 2233 conclusionem
1375 2193 1591 2246 improbat

167 2245 428 2301 Protagoras
468 2246 653 2301 dicitque
694 2262 743 2289 ex
782 2262 858 2288 sua
889 2248 1102 2289 sententia
1132 2248 1263 2289 fortes
1296 2248 1465 2302 quidem
1498 2263 1589 2290 esse

167 2301 347 2344 audaces
378 2304 502 2343 etex
526 2303 763 2346 ¹audacibus
803 2318 874 2345 eos
907 2304 977 2358 qui
1008 2304 1069 2345 rei
1110 2304 1421 2360 aggrediendae
1462 2305 1590 2359 periti

169 2359 256 2399 sint
286 2358 495 2413 imperitis
528 2359 784 2413 audaciores,
816 2360 886 2401 sed
919 2360 1017 2401 inde
1047 2375 1136 2402 non
1167 2361 1298 2414 effici,
1332 2363 1380 2402 ut
1409 2361 1588 2403 audaces

169 2428 315 2456 omnes
346 2415 432 2456 sint
457 2415 590 2456 fortes
612 2418 654 2457 et
676 2416 884 2470 sapientia
905 2417 960 2457 sit
979 2416 1187 2458 fortitudo
1212 2431 1260 2458 ac
1281 2417 1588 2458 scientissimus

168 2471 345 2525 quisque
383 2472 438 2512 sit
466 2472 736 2513 fortissimus.
797 2472 908 2513 Nam
940 2486 990 2513 ex
1021 2473 1072 2514 iis
1099 2487 1206 2527 quae
1247 2487 1446 2514 concessa
1486 2476 1589 2514 sunt

169 2526 346 2568 audacia
378 2533 473 2569 c'um
503 2528 680 2569 scientia
711 2528 948 2580 coniuncta,
981 2543 1067 2570 non
1098 2531 1237 2570 autem
1268 2529 1361 2583 ipsa
1391 2529 1584 2583 scientia,

166 2582 446 2637 intelligenda
477 2586 539 2625 est
568 2584 795 2638 fortitudo;
827 2584 1003 2626 scientia
1032 2585 1337 2639 adiumentum,
1370 2599 1459 2626 non
1488 2585 1585 2626 fun-

171 2639 415 2680 damentum
436 2644 501 2681 est
520 2640 795 2690 fortitudinis,
818 2641 1042 2682 confirmat
1062 2641 1184 2683 huius
1207 2642 1291 2682 vim
1313 2644 1360 2682 ut
1381 2641 1425 2682 in
1448 2642 1586 2683 luctae

172 2696 400 2737 certamine
424 2698 611 2751 corporis
634 2698 742 2738 vires
765 2697 799 2737 si
831 2696 986 2738 adsunt
1019 2697 1122 2739 artis
1144 2698 1299 2752 peritia
1320 2697 1590 2751 adiuvantur,

177 2867 194 2881 Ἢ
234 2865 249 2881 v
285 2832 343 2870 ⁶28)
368 2829 536 2875 Xenoph.
562 2830 765 2865 Memor-ab.
794 2830 856 2881 IV,
883 2834 918 2869 6,
949 2835 985 2865 7:
1007 2827 1112 2866 ’Άλλο
1145 2846 1179 2866 τι
1205 2833 1346 2875 σοφίαν
1380 2833 1453 2867 οἴει
1488 2832 1589 2867 εἶναι

173 2887 196 2917 η
223 2887 250 2919 ῳ
278 2878 392 2916 σοφοί
416 2874 531 2916 εἰσινς
561 2873 642 2911 Οὐκ
669 2873 796 2920 ἔγωγε.
843 2874 1048 2921 Ἐπιστήμη
1075 2873 1149 2921 ἄρα
1176 2878 1293 2920 σοφία
1319 2875 1431 2912 ἐστίν.

242 2941 340 2967 Ρῐ,ΑΤ,
367 2943 464 2965 paor.
1300 2937 1319 2967 2
