<?xml version="1.0" encoding="UTF-8"?>
<!DOCTYPE html PUBLIC "-//W3C//DTD XHTML 1.0 Transitional//EN"
    "http://www.w3.org/TR/xhtml1/DTD/xhtml1-transitional.dtd">
<html xmlns="http://www.w3.org/1999/xhtml" xml:lang="en" lang="en">
 <head>
  <title>
</title>
<meta http-equiv="Content-Type" content="text/html;charset=utf-8" />
  <meta name='ocr-system' content='tesseract 3.04.00' />
  <meta name='ocr-capabilities' content='ocr_page ocr_carea ocr_par ocr_line ocrx_word'/>
</head>
<body>
  <div class='ocr_page' id='page_1' title='image "./protagorascumpro00platuoft/protagorascumpro00platuoft_0219.png"; bbox 0 0 1907 3230; ppageno 0'>
   <div class='ocr_carea' id='block_1_1' title="bbox 659 181 1057 217">
    <p class='ocr_par' dir='ltr' id='par_1_1' title="bbox 659 181 1057 217">
     <span class='ocr_line' id='line_1_1' title="bbox 659 181 1057 217; baseline 0.003 -1"><span class='ocrx_word' id='word_1_1' title='bbox 659 181 811 217; x_wconf 85' lang='lat' dir='ltr'>INDEX</span> <span class='ocrx_word' id='word_1_2' title='bbox 834 181 1057 217; x_wconf 87' lang='lat' dir='ltr'>LATINUS.</span> 
     </span>
    </p>
   </div>
   <div class='ocr_carea' id='block_1_2' title="bbox 144 280 830 1188">
    <p class='ocr_par' dir='ltr' id='par_1_2' title="bbox 144 280 830 1188">
     <span class='ocr_line' id='line_1_2' title="bbox 194 280 826 328; baseline -0.002 -10"><span class='ocrx_word' id='word_1_3' title='bbox 194 283 282 328; x_wconf 76' lang='grc' dir='ltr'><em>περὶ</em></span> <span class='ocrx_word' id='word_1_4' title='bbox 305 280 460 318; x_wconf 70' lang='grc' dir='ltr'><em>πάντων</em></span> <span class='ocrx_word' id='word_1_5' title='bbox 478 282 521 320; x_wconf 82' lang='lat' dir='ltr'>G.</span> <span class='ocrx_word' id='word_1_6' title='bbox 540 287 606 318; x_wconf 81' lang='lat'>467</span> <span class='ocrx_word' id='word_1_7' title='bbox 619 282 663 320; x_wconf 88' lang='lat' dir='ltr'>D.</span> <span class='ocrx_word' id='word_1_8' title='bbox 682 303 724 308; x_wconf 94' lang='lat'>—</span> <span class='ocrx_word' id='word_1_9' title='bbox 742 286 826 326; x_wconf 78' lang='lat' dir='ltr'>post</span> 
     </span>
     <span class='ocr_line' id='line_1_3' title="bbox 196 324 825 381; baseline 0 -19"><span class='ocrx_word' id='word_1_10' title='bbox 196 328 246 381; x_wconf 71' lang='grc' dir='ltr'>μή</span> <span class='ocrx_word' id='word_1_11' title='bbox 280 341 344 372; x_wconf 91' lang='grc' dir='ltr'>μοι</span> <span class='ocrx_word' id='word_1_12' title='bbox 370 329 408 364; x_wconf 94' lang='grc' dir='ltr'>Ρ.</span> <span class='ocrx_word' id='word_1_13' title='bbox 436 332 497 363; x_wconf 89' lang='grc'>331</span> <span class='ocrx_word' id='word_1_14' title='bbox 526 328 563 362; x_wconf 89' lang='lat' dir='ltr'>C.</span> <span class='ocrx_word' id='word_1_15' title='bbox 591 348 632 352; x_wconf 91' lang='lat'>—</span> <span class='ocrx_word' id='word_1_16' title='bbox 663 330 750 380; x_wconf 67' lang='lat' dir='ltr'>post</span> <span class='ocrx_word' id='word_1_17' title='bbox 780 324 825 362; x_wconf 81' lang='grc' dir='ltr'>οὗ</span> 
     </span>
     <span class='ocr_line' id='line_1_4' title="bbox 195 370 826 417; baseline -0.005 -9"><span class='ocrx_word' id='word_1_18' title='bbox 195 384 241 408; x_wconf 89' lang='grc' dir='ltr'>συ</span> <span class='ocrx_word' id='word_1_19' title='bbox 267 385 309 417; x_wconf 80' lang='grc' dir='ltr'>’γε</span> <span class='ocrx_word' id='word_1_20' title='bbox 335 373 376 410; x_wconf 82' lang='lat' dir='ltr'>G.</span> <span class='ocrx_word' id='word_1_21' title='bbox 402 377 468 407; x_wconf 83' lang='lat'>466</span> <span class='ocrx_word' id='word_1_22' title='bbox 486 372 526 406; x_wconf 88' lang='lat' dir='ltr'>E.</span> <span class='ocrx_word' id='word_1_23' title='bbox 552 392 594 397; x_wconf 91' lang='lat'>—-</span> <span class='ocrx_word' id='word_1_24' title='bbox 618 372 655 406; x_wconf 85' lang='lat' dir='ltr'>in</span> <span class='ocrx_word' id='word_1_25' title='bbox 681 385 733 416; x_wconf 84' lang='grc' dir='ltr'>μα</span> <span class='ocrx_word' id='word_1_26' title='bbox 759 370 826 406; x_wconf 82' lang='grc' dir='ltr'>τόν</span> 
     </span>
     <span class='ocr_line' id='line_1_5' title="bbox 193 415 827 469; baseline -0.003 -17"><span class='ocrx_word' id='word_1_27' title='bbox 193 417 284 455; x_wconf 85' lang='lat' dir='ltr'>ibid.</span> <span class='ocrx_word' id='word_1_28' title='bbox 303 437 344 442; x_wconf 92' lang='lat'>——</span> <span class='ocrx_word' id='word_1_29' title='bbox 362 417 467 452; x_wconf 83' lang='lat' dir='ltr'>verbi</span> <span class='ocrx_word' id='word_1_30' title='bbox 493 417 668 451; x_wconf 83' lang='lat' dir='ltr'>contrarii</span> <span class='ocrx_word' id='word_1_31' title='bbox 677 418 778 469; x_wconf 59' lang='lat' dir='ltr'>³post</span> <span class='ocrx_word' id='word_1_32' title='bbox 801 415 827 460; x_wconf 83' lang='grc' dir='ltr'>ἥ</span> 
     </span>
     <span class='ocr_line' id='line_1_6' title="bbox 196 462 825 506; baseline -0.005 -9"><span class='ocrx_word' id='word_1_33' title='bbox 196 462 240 497; x_wconf 81' lang='lat' dir='ltr'>G.</span> <span class='ocrx_word' id='word_1_34' title='bbox 259 467 323 498; x_wconf 78' lang='lat'>520</span> <span class='ocrx_word' id='word_1_35' title='bbox 340 462 369 496; x_wconf 91' lang='lat' dir='ltr'>B</span> <span class='ocrx_word' id='word_1_36' title='bbox 406 483 448 487; x_wconf 92' lang='lat'><strong>—</strong></span> <span class='ocrx_word' id='word_1_37' title='bbox 474 463 560 506; x_wconf 71' lang='lat' dir='ltr'>post</span> <span class='ocrx_word' id='word_1_38' title='bbox 584 463 622 496; x_wconf 86' lang='grc' dir='ltr'>τί</span> <span class='ocrx_word' id='word_1_39' title='bbox 645 474 728 503; x_wconf 82' lang='grc' dir='ltr'>ουν,</span> <span class='ocrx_word' id='word_1_40' title='bbox 761 462 825 496; x_wconf 86' lang='lat' dir='ltr'>ubi</span> 
     </span>
     <span class='ocr_line' id='line_1_7' title="bbox 194 504 823 549; baseline -0.003 -8"><span class='ocrx_word' id='word_1_41' title='bbox 194 507 310 542; x_wconf 74' lang='lat' dir='ltr'>intell.</span> <span class='ocrx_word' id='word_1_42' title='bbox 328 509 440 542; x_wconf 84' lang='grc' dir='ltr'><em>τοῦτο</em></span> <span class='ocrx_word' id='word_1_43' title='bbox 454 505 636 549; x_wconf 82' lang='grc' dir='ltr'><em>διαφέρει</em></span> <span class='ocrx_word' id='word_1_44' title='bbox 652 504 694 543; x_wconf 85' lang='lat' dir='ltr'>G.</span> <span class='ocrx_word' id='word_1_45' title='bbox 710 505 823 540; x_wconf 84' lang='lat' dir='ltr'>515E.</span> 
     </span>
     <span class='ocr_line' id='line_1_8' title="bbox 198 551 828 595; baseline 0 -9"><span class='ocrx_word' id='word_1_46' title='bbox 198 552 236 586; x_wconf 90' lang='lat' dir='ltr'>P.</span> <span class='ocrx_word' id='word_1_47' title='bbox 255 556 321 587; x_wconf 86' lang='grc'>310</span> <span class='ocrx_word' id='word_1_48' title='bbox 339 552 383 586; x_wconf 91' lang='lat' dir='ltr'>D.</span> <span class='ocrx_word' id='word_1_49' title='bbox 403 572 447 576; x_wconf 97' lang='lat'><strong>—</strong></span> <span class='ocrx_word' id='word_1_50' title='bbox 470 553 558 595; x_wconf 72' lang='lat' dir='ltr'>post</span> <span class='ocrx_word' id='word_1_51' title='bbox 583 552 687 594; x_wconf 74' lang='grc' dir='ltr'><em>εἴπερ</em></span> <span class='ocrx_word' id='word_1_52' title='bbox 707 551 744 588; x_wconf 81' lang='grc' dir='ltr'>Ρ,</span> <span class='ocrx_word' id='word_1_53' title='bbox 763 554 828 586; x_wconf 86' lang='grc'>329</span> 
     </span>
     <span class='ocr_line' id='line_1_9' title="bbox 194 590 830 639; baseline -0.003 -8"><span class='ocrx_word' id='word_1_54' title='bbox 194 596 233 631; x_wconf 93' lang='grc' dir='ltr'>Β.</span> <span class='ocrx_word' id='word_1_55' title='bbox 246 596 477 631; x_wconf 80' lang='lat' dir='ltr'>—formulae</span> <span class='ocrx_word' id='word_1_56' title='bbox 494 590 537 631; x_wconf 82' lang='grc' dir='ltr'>εὖ</span> <span class='ocrx_word' id='word_1_57' title='bbox 554 594 631 639; x_wconf 77' lang='grc' dir='ltr'><em>ἔχει</em></span> <span class='ocrx_word' id='word_1_58' title='bbox 647 592 720 633; x_wconf 77' lang='grc' dir='ltr'>κτὲ.</span> <span class='ocrx_word' id='word_1_59' title='bbox 744 596 830 639; x_wconf 74' lang='lat' dir='ltr'>post</span> 
     </span>
     <span class='ocr_line' id='line_1_10' title="bbox 199 638 757 685; baseline -0.004 -8"><span class='ocrx_word' id='word_1_60' title='bbox 199 638 267 677; x_wconf 79' lang='grc' dir='ltr'>ἐὰν</span> <span class='ocrx_word' id='word_1_61' title='bbox 293 643 362 685; x_wconf 82' lang='grc' dir='ltr'>μέν</span> <span class='ocrx_word' id='word_1_62' title='bbox 389 642 427 675; x_wconf 81' lang='lat' dir='ltr'>et</span> <span class='ocrx_word' id='word_1_63' title='bbox 451 640 529 677; x_wconf 89' lang='lat' dir='ltr'>sim.</span> <span class='ocrx_word' id='word_1_64' title='bbox 554 640 595 675; x_wconf 92' lang='lat' dir='ltr'>P.</span> <span class='ocrx_word' id='word_1_65' title='bbox 622 644 688 675; x_wconf 80' lang='grc'>325</span> <span class='ocrx_word' id='word_1_66' title='bbox 713 639 757 675; x_wconf 93' lang='lat' dir='ltr'>D.</span> 
     </span>
     <span class='ocr_line' id='line_1_11' title="bbox 151 696 826 742; baseline 0 -11"><span class='ocrx_word' id='word_1_67' title='bbox 151 696 452 742; x_wconf 86' lang='lat' dir='ltr'>Empedocles</span> <span class='ocrx_word' id='word_1_68' title='bbox 469 696 619 730; x_wconf 81' lang='lat' dir='ltr'>notatur</span> <span class='ocrx_word' id='word_1_69' title='bbox 637 696 680 729; x_wconf 91' lang='lat' dir='ltr'>G.</span> <span class='ocrx_word' id='word_1_70' title='bbox 701 700 765 731; x_wconf 82' lang='lat'>493</span> <span class='ocrx_word' id='word_1_71' title='bbox 783 697 826 732; x_wconf 96' lang='lat' dir='ltr'>A.</span> 
     </span>
     <span class='ocr_line' id='line_1_12' title="bbox 196 740 691 779; baseline -0.002 -4"><span class='ocrx_word' id='word_1_72' title='bbox 196 741 239 779; x_wconf 93' lang='lat' dir='ltr'>D.</span> <span class='ocrx_word' id='word_1_73' title='bbox 266 746 330 776; x_wconf 89' lang='grc'><strong>507</strong></span> <span class='ocrx_word' id='word_1_74' title='bbox 356 741 400 775; x_wconf 91' lang='lat' dir='ltr'>D.</span> <span class='ocrx_word' id='word_1_75' title='bbox 427 741 467 777; x_wconf 88' lang='lat' dir='ltr'>E.</span> <span class='ocrx_word' id='word_1_76' title='bbox 493 740 532 775; x_wconf 93' lang='grc' dir='ltr'>Ρ.</span> <span class='ocrx_word' id='word_1_77' title='bbox 557 744 623 775; x_wconf 92' lang='grc'>320</span> <span class='ocrx_word' id='word_1_78' title='bbox 648 740 691 774; x_wconf 91' lang='lat' dir='ltr'>D.</span> 
     </span>
     <span class='ocr_line' id='line_1_13' title="bbox 146 785 820 831; baseline -0.003 -11"><span class='ocrx_word' id='word_1_79' title='bbox 146 785 432 831; x_wconf 83' lang='lat' dir='ltr'>Epexegesis</span> <span class='ocrx_word' id='word_1_80' title='bbox 457 786 496 821; x_wconf 94' lang='lat' dir='ltr'>P.</span> <span class='ocrx_word' id='word_1_81' title='bbox 521 789 586 820; x_wconf 73' lang='grc'>348</span> <span class='ocrx_word' id='word_1_82' title='bbox 610 787 650 819; x_wconf 82' lang='grc' dir='ltr'>Α.</span> <span class='ocrx_word' id='word_1_83' title='bbox 686 790 751 820; x_wconf 83' lang='grc'>352</span> <span class='ocrx_word' id='word_1_84' title='bbox 776 786 820 818; x_wconf 91' lang='lat' dir='ltr'>A.</span> 
     </span>
     <span class='ocr_line' id='line_1_14' title="bbox 146 830 821 875; baseline -0.001 -10"><span class='ocrx_word' id='word_1_85' title='bbox 146 831 440 875; x_wconf 80' lang='lat' dir='ltr'>Epicharmus</span> <span class='ocrx_word' id='word_1_86' title='bbox 465 830 595 873; x_wconf 81' lang='lat' dir='ltr'>respic.</span> <span class='ocrx_word' id='word_1_87' title='bbox 623 830 664 865; x_wconf 90' lang='lat' dir='ltr'>G.</span> <span class='ocrx_word' id='word_1_88' title='bbox 691 834 756 865; x_wconf 88' lang='lat'>505</span> <span class='ocrx_word' id='word_1_89' title='bbox 781 830 821 864; x_wconf 85' lang='lat' dir='ltr'>E.</span> 
     </span>
     <span class='ocr_line' id='line_1_15' title="bbox 147 874 693 919; baseline -0.002 -10"><span class='ocrx_word' id='word_1_90' title='bbox 147 875 475 919; x_wconf 83' lang='lat' dir='ltr'>Eryximachus</span> <span class='ocrx_word' id='word_1_91' title='bbox 503 875 538 908; x_wconf 89' lang='lat' dir='ltr'>P.</span> <span class='ocrx_word' id='word_1_92' title='bbox 564 878 630 909; x_wconf 89' lang='grc'>315</span> <span class='ocrx_word' id='word_1_93' title='bbox 656 874 693 909; x_wconf 88' lang='lat' dir='ltr'>C.</span> 
     </span>
     <span class='ocr_line' id='line_1_16' title="bbox 146 919 821 963; baseline 0 -10"><span class='ocrx_word' id='word_1_94' title='bbox 146 919 513 963; x_wconf 86' lang='lat' dir='ltr'>Euphemismus‚</span> <span class='ocrx_word' id='word_1_95' title='bbox 538 919 601 953; x_wconf 90' lang='lat' dir='ltr'>ubi</span> <span class='ocrx_word' id='word_1_96' title='bbox 619 919 664 953; x_wconf 88' lang='lat' dir='ltr'>de</span> <span class='ocrx_word' id='word_1_97' title='bbox 681 919 821 963; x_wconf 84' lang='lat' dir='ltr'>puden-</span> 
     </span>
     <span class='ocr_line' id='line_1_17' title="bbox 190 963 739 999; baseline -0.002 0"><span class='ocrx_word' id='word_1_98' title='bbox 190 964 246 999; x_wconf 89' lang='lat' dir='ltr'>dis</span> <span class='ocrx_word' id='word_1_99' title='bbox 271 975 313 999; x_wconf 86' lang='lat' dir='ltr'>co</span> <span class='ocrx_word' id='word_1_100' title='bbox 344 964 514 998; x_wconf 81' lang='lat' dir='ltr'>itandum</span> <span class='ocrx_word' id='word_1_101' title='bbox 540 963 583 998; x_wconf 88' lang='lat' dir='ltr'>G.</span> <span class='ocrx_word' id='word_1_102' title='bbox 609 968 675 999; x_wconf 81' lang='grc'>494</span> <span class='ocrx_word' id='word_1_103' title='bbox 698 963 739 998; x_wconf 86' lang='grc' dir='ltr'>Ε.</span> 
     </span>
     <span class='ocr_line' id='line_1_18' title="bbox 144 1009 822 1053; baseline -0.001 -10"><span class='ocrx_word' id='word_1_104' title='bbox 144 1009 304 1053; x_wconf 87' lang='lat' dir='ltr'><strong>Euripi</strong></span> <span class='ocrx_word' id='word_1_105' title='bbox 344 1021 405 1044; x_wconf 88' lang='lat' dir='ltr'>es:</span> <span class='ocrx_word' id='word_1_106' title='bbox 425 1009 613 1053; x_wconf 78' lang='lat' dir='ltr'>Telephus</span> <span class='ocrx_word' id='word_1_107' title='bbox 631 1009 709 1043; x_wconf 88' lang='lat' dir='ltr'>eius</span> <span class='ocrx_word' id='word_1_108' title='bbox 726 1019 822 1053; x_wconf 87' lang='lat' dir='ltr'>resp.</span> 
     </span>
     <span class='ocr_line' id='line_1_19' title="bbox 191 1053 822 1090; baseline -0.003 0"><span class='ocrx_word' id='word_1_109' title='bbox 191 1053 237 1090; x_wconf 83' lang='lat' dir='ltr'>G.</span> <span class='ocrx_word' id='word_1_110' title='bbox 262 1058 324 1089; x_wconf 88' lang='grc'>521</span> <span class='ocrx_word' id='word_1_111' title='bbox 345 1054 385 1088; x_wconf 92' lang='lat' dir='ltr'>B.</span> <span class='ocrx_word' id='word_1_112' title='bbox 413 1074 450 1078; x_wconf 93' lang='lat'><strong>—</strong></span> <span class='ocrx_word' id='word_1_113' title='bbox 479 1064 606 1088; x_wconf 86' lang='lat' dir='ltr'>versus</span> <span class='ocrx_word' id='word_1_114' title='bbox 632 1056 709 1088; x_wconf 86' lang='lat' dir='ltr'>eius</span> <span class='ocrx_word' id='word_1_115' title='bbox 736 1053 822 1089; x_wconf 85' lang='lat' dir='ltr'>affe-</span> 
     </span>
     <span class='ocr_line' id='line_1_20' title="bbox 191 1099 700 1133; baseline -0.002 0"><span class='ocrx_word' id='word_1_116' title='bbox 191 1101 323 1133; x_wconf 83' lang='lat' dir='ltr'>runtur</span> <span class='ocrx_word' id='word_1_117' title='bbox 348 1100 390 1133; x_wconf 92' lang='lat' dir='ltr'>G.</span> <span class='ocrx_word' id='word_1_118' title='bbox 415 1102 481 1133; x_wconf 74' lang='lat'>484</span> <span class='ocrx_word' id='word_1_119' title='bbox 505 1099 543 1132; x_wconf 84' lang='lat' dir='ltr'>E.</span> <span class='ocrx_word' id='word_1_120' title='bbox 571 1103 635 1133; x_wconf 85' lang='grc'>492</span> <span class='ocrx_word' id='word_1_121' title='bbox 661 1099 700 1132; x_wconf 93' lang='grc' dir='ltr'>Ε.</span> 
     </span>
     <span class='ocr_line' id='line_1_21' title="bbox 144 1143 628 1188; baseline 0 -10"><span class='ocrx_word' id='word_1_122' title='bbox 144 1144 406 1188; x_wconf 84' lang='lat' dir='ltr'>Eurybatus</span> <span class='ocrx_word' id='word_1_123' title='bbox 430 1143 470 1178; x_wconf 91' lang='lat' dir='ltr'>P.</span> <span class='ocrx_word' id='word_1_124' title='bbox 495 1148 560 1179; x_wconf 86' lang='grc'>327</span> <span class='ocrx_word' id='word_1_125' title='bbox 587 1143 628 1178; x_wconf 93' lang='lat' dir='ltr'>D.</span> 
     </span>
    </p>
   </div>
   <div class='ocr_carea' id='block_1_3' title="bbox 460 1256 505 1298">
    <p class='ocr_par' dir='ltr' id='par_1_3' title="bbox 460 1256 505 1298">
     <span class='ocr_line' id='line_1_22' title="bbox 460 1256 505 1298; baseline 0.022 -1"><span class='ocrx_word' id='word_1_126' title='bbox 460 1256 505 1298; x_wconf 83' lang='lat' dir='ltr'>F.</span> 
     </span>
    </p>
   </div>
   <div class='ocr_carea' id='block_1_4' title="bbox 143 1345 819 1435">
    <p class='ocr_par' dir='ltr' id='par_1_4' title="bbox 143 1345 819 1435">
     <span class='ocr_line' id='line_1_23' title="bbox 143 1345 819 1390; baseline 0.003 -11"><span class='ocrx_word' id='word_1_127' title='bbox 143 1345 423 1380; x_wconf 88' lang='lat' dir='ltr'>Fabularum</span> <span class='ocrx_word' id='word_1_128' title='bbox 459 1357 546 1380; x_wconf 87' lang='lat' dir='ltr'>usus</span> <span class='ocrx_word' id='word_1_129' title='bbox 583 1345 620 1379; x_wconf 89' lang='lat' dir='ltr'>in</span> <span class='ocrx_word' id='word_1_130' title='bbox 657 1345 819 1390; x_wconf 85' lang='lat' dir='ltr'>philoso-</span> 
     </span>
     <span class='ocr_line' id='line_1_24' title="bbox 189 1390 498 1435; baseline 0.003 -12"><span class='ocrx_word' id='word_1_131' title='bbox 189 1390 280 1435; x_wconf 75' lang='lat' dir='ltr'>phia,</span> <span class='ocrx_word' id='word_1_132' title='bbox 302 1390 342 1426; x_wconf 90' lang='lat' dir='ltr'>P.</span> <span class='ocrx_word' id='word_1_133' title='bbox 368 1394 433 1425; x_wconf 82' lang='lat'>320</span> <span class='ocrx_word' id='word_1_134' title='bbox 458 1390 498 1424; x_wconf 93' lang='lat' dir='ltr'>B.</span> 
     </span>
    </p>
   </div>
   <div class='ocr_carea' id='block_1_5' title="bbox 142 1443 821 1670">
    <p class='ocr_par' dir='ltr' id='par_1_5' title="bbox 142 1443 821 1670">
     <span class='ocr_line' id='line_1_25' title="bbox 142 1443 820 1490; baseline -0.001 -9"><span class='ocrx_word' id='word_1_135' title='bbox 142 1446 320 1481; x_wconf 85' lang='lat' dir='ltr'>Forma:</span> <span class='ocrx_word' id='word_1_136' title='bbox 360 1443 478 1490; x_wconf 80' lang='grc' dir='ltr'><em>εἶμεν,</em></span> <span class='ocrx_word' id='word_1_137' title='bbox 511 1457 586 1480; x_wconf 89' lang='lat' dir='ltr'>non</span> <span class='ocrx_word' id='word_1_138' title='bbox 618 1447 749 1490; x_wconf 77' lang='grc' dir='ltr'><em>εἴημεν</em></span> <span class='ocrx_word' id='word_1_139' title='bbox 779 1445 820 1480; x_wconf 92' lang='grc' dir='ltr'>Ρ.</span> 
     </span>
     <span class='ocr_line' id='line_1_26' title="bbox 187 1489 820 1535; baseline -0.003 -9"><span class='ocrx_word' id='word_1_140' title='bbox 187 1495 252 1526; x_wconf 89' lang='grc'>317</span> <span class='ocrx_word' id='word_1_141' title='bbox 279 1490 316 1526; x_wconf 91' lang='lat' dir='ltr'>C.</span> <span class='ocrx_word' id='word_1_142' title='bbox 342 1511 385 1515; x_wconf 86' lang='lat'>—-</span> <span class='ocrx_word' id='word_1_143' title='bbox 411 1489 597 1534; x_wconf 80' lang='grc' dir='ltr'><strong><em>ἐκτῆσθαι</em></strong></span> <span class='ocrx_word' id='word_1_144' title='bbox 624 1492 662 1525; x_wconf 81' lang='lat' dir='ltr'>et</span> <span class='ocrx_word' id='word_1_145' title='bbox 685 1493 820 1535; x_wconf 60' lang='grc' dir='ltr'><em>ζιεκτῆ-</em></span> 
     </span>
     <span class='ocr_line' id='line_1_27' title="bbox 188 1529 821 1581; baseline 0.002 -11"><span class='ocrx_word' id='word_1_146' title='bbox 188 1537 283 1570; x_wconf 80' lang='grc' dir='ltr'><em>σθαι</em></span> <span class='ocrx_word' id='word_1_147' title='bbox 300 1539 366 1570; x_wconf 81' lang='grc'>340</span> <span class='ocrx_word' id='word_1_148' title='bbox 383 1535 426 1569; x_wconf 92' lang='lat' dir='ltr'>D.</span> <span class='ocrx_word' id='word_1_149' title='bbox 453 1557 493 1561; x_wconf 93' lang='lat'><strong>—</strong></span> <span class='ocrx_word' id='word_1_150' title='bbox 520 1529 554 1579; x_wconf 82' lang='grc' dir='ltr'>ἦ,</span> <span class='ocrx_word' id='word_1_151' title='bbox 580 1546 653 1570; x_wconf 88' lang='lat' dir='ltr'>non</span> <span class='ocrx_word' id='word_1_152' title='bbox 678 1535 727 1581; x_wconf 83' lang='grc' dir='ltr'>ἠν</span> <span class='ocrx_word' id='word_1_153' title='bbox 752 1540 821 1571; x_wconf 89' lang='grc'>310</span> 
     </span>
     <span class='ocr_line' id='line_1_28' title="bbox 187 1577 821 1626; baseline 0 -11"><span class='ocrx_word' id='word_1_154' title='bbox 187 1581 227 1617; x_wconf 89' lang='lat' dir='ltr'>E.</span> <span class='ocrx_word' id='word_1_155' title='bbox 262 1601 300 1605; x_wconf 94' lang='lat'>—</span> <span class='ocrx_word' id='word_1_156' title='bbox 336 1577 397 1626; x_wconf 82' lang='grc' dir='ltr'>ᾔει</span> <span class='ocrx_word' id='word_1_157' title='bbox 429 1583 466 1615; x_wconf 82' lang='lat' dir='ltr'>et</span> <span class='ocrx_word' id='word_1_158' title='bbox 496 1577 580 1625; x_wconf 82' lang='grc' dir='ltr'><em>ᾔειν</em></span> <span class='ocrx_word' id='word_1_159' title='bbox 610 1585 674 1616; x_wconf 88' lang='lat'>310</span> <span class='ocrx_word' id='word_1_160' title='bbox 705 1580 745 1615; x_wconf 92' lang='lat' dir='ltr'>B.</span> <span class='ocrx_word' id='word_1_161' title='bbox 775 1601 821 1608; x_wconf 89' lang='lat'>—</span> 
     </span>
     <span class='ocr_line' id='line_1_29' title="bbox 189 1622 820 1670; baseline 0 -9"><span class='ocrx_word' id='word_1_162' title='bbox 189 1623 354 1670; x_wconf 79' lang='grc' dir='ltr'><em>εἷστήκη,</em></span> <span class='ocrx_word' id='word_1_163' title='bbox 381 1635 455 1659; x_wconf 88' lang='lat' dir='ltr'>non</span> <span class='ocrx_word' id='word_1_164' title='bbox 481 1622 617 1670; x_wconf 78' lang='grc' dir='ltr'><em>ἕστήκη</em></span> <span class='ocrx_word' id='word_1_165' title='bbox 641 1626 680 1660; x_wconf 94' lang='grc' dir='ltr'>Ρ.</span> <span class='ocrx_word' id='word_1_166' title='bbox 697 1630 762 1661; x_wconf 87' lang='grc'>335</span> <span class='ocrx_word' id='word_1_167' title='bbox 776 1626 820 1665; x_wconf 86' lang='lat' dir='ltr'>D.</span> 
     </span>
    </p>
   </div>
   <div class='ocr_carea' id='block_1_6' title="bbox 451 1738 503 1779">
    <p class='ocr_par' dir='ltr' id='par_1_6' title="bbox 451 1738 503 1779">
     <span class='ocr_line' id='line_1_30' title="bbox 451 1738 503 1779; baseline -0.019 0"><span class='ocrx_word' id='word_1_168' title='bbox 451 1738 503 1779; x_wconf 97' lang='lat' dir='ltr'>G.</span> 
     </span>
    </p>
   </div>
   <div class='ocr_carea' id='block_1_7' title="bbox 143 1826 818 2142">
    <p class='ocr_par' dir='ltr' id='par_1_7' title="bbox 143 1826 818 2142">
     <span class='ocr_line' id='line_1_31' title="bbox 143 1826 814 1872; baseline 0.003 -11"><span class='ocrx_word' id='word_1_169' title='bbox 143 1826 406 1861; x_wconf 83' lang='lat' dir='ltr'>Genitivus:</span> <span class='ocrx_word' id='word_1_170' title='bbox 434 1827 626 1862; x_wconf 79' lang='lat' dir='ltr'>absolutus</span> <span class='ocrx_word' id='word_1_171' title='bbox 650 1829 734 1872; x_wconf 80' lang='lat' dir='ltr'>post</span> <span class='ocrx_word' id='word_1_172' title='bbox 751 1839 814 1863; x_wconf 91' lang='lat' dir='ltr'>no-</span> 
     </span>
     <span class='ocr_line' id='line_1_32' title="bbox 186 1871 816 1917; baseline 0.005 -12"><span class='ocrx_word' id='word_1_173' title='bbox 186 1871 407 1906; x_wconf 84' lang='lat' dir='ltr'>minativum</span> <span class='ocrx_word' id='word_1_174' title='bbox 438 1872 581 1917; x_wconf 79' lang='lat' dir='ltr'>positus</span> <span class='ocrx_word' id='word_1_175' title='bbox 613 1871 665 1907; x_wconf 57' lang='lat' dir='ltr'>G.</span> <span class='ocrx_word' id='word_1_176' title='bbox 683 1877 749 1908; x_wconf 86' lang='grc'>492</span> <span class='ocrx_word' id='word_1_177' title='bbox 774 1873 816 1908; x_wconf 93' lang='grc' dir='ltr'>Β.</span> 
     </span>
     <span class='ocr_line' id='line_1_33' title="bbox 189 1917 816 1961; baseline 0.003 -11"><span class='ocrx_word' id='word_1_178' title='bbox 189 1937 228 1942; x_wconf 88' lang='lat'>--</span> <span class='ocrx_word' id='word_1_179' title='bbox 248 1917 448 1961; x_wconf 87' lang='lat' dir='ltr'>partitivus</span> <span class='ocrx_word' id='word_1_180' title='bbox 464 1920 549 1961; x_wconf 77' lang='lat' dir='ltr'>post</span> <span class='ocrx_word' id='word_1_181' title='bbox 566 1918 680 1952; x_wconf 86' lang='lat' dir='ltr'>verba</span> <span class='ocrx_word' id='word_1_182' title='bbox 698 1919 816 1952; x_wconf 88' lang='lat' dir='ltr'>omnis</span> 
     </span>
     <span class='ocr_line' id='line_1_34' title="bbox 186 1961 817 2007; baseline 0.002 -12"><span class='ocrx_word' id='word_1_183' title='bbox 186 1962 332 2007; x_wconf 86' lang='lat' dir='ltr'>generis</span> <span class='ocrx_word' id='word_1_184' title='bbox 363 1962 520 1996; x_wconf 78' lang='lat' dir='ltr'>usitatus</span> <span class='ocrx_word' id='word_1_185' title='bbox 547 1961 587 1996; x_wconf 88' lang='lat' dir='ltr'>G.</span> <span class='ocrx_word' id='word_1_186' title='bbox 614 1966 679 1997; x_wconf 81' lang='lat'>514</span> <span class='ocrx_word' id='word_1_187' title='bbox 703 1964 745 1996; x_wconf 91' lang='lat' dir='ltr'>A.</span> <span class='ocrx_word' id='word_1_188' title='bbox 774 1983 817 1987; x_wconf 97' lang='lat'><strong>—</strong></span> 
     </span>
     <span class='ocr_line' id='line_1_35' title="bbox 184 2002 816 2052; baseline 0.003 -11"><span class='ocrx_word' id='word_1_189' title='bbox 184 2010 270 2052; x_wconf 80' lang='lat' dir='ltr'>post</span> <span class='ocrx_word' id='word_1_190' title='bbox 294 2002 315 2041; x_wconf 77' lang='grc' dir='ltr'>ὅ</span> <span class='ocrx_word' id='word_1_191' title='bbox 339 2016 543 2051; x_wconf 88' lang='lat' dir='ltr'>pronomen</span> <span class='ocrx_word' id='word_1_192' title='bbox 567 2007 608 2041; x_wconf 90' lang='lat' dir='ltr'>P.</span> <span class='ocrx_word' id='word_1_193' title='bbox 632 2012 696 2042; x_wconf 86' lang='grc'>329</span> <span class='ocrx_word' id='word_1_194' title='bbox 716 2008 754 2044; x_wconf 85' lang='lat' dir='ltr'>O.</span> <span class='ocrx_word' id='word_1_195' title='bbox 783 2028 816 2033; x_wconf 86' lang='lat'>—</span> 
     </span>
     <span class='ocr_line' id='line_1_36' title="bbox 185 2051 816 2097; baseline 0.002 -12"><span class='ocrx_word' id='word_1_196' title='bbox 185 2052 252 2086; x_wconf 85' lang='grc' dir='ltr'>τοῦ</span> <span class='ocrx_word' id='word_1_197' title='bbox 277 2062 306 2086; x_wconf 87' lang='lat' dir='ltr'>c.</span> <span class='ocrx_word' id='word_1_198' title='bbox 331 2051 513 2086; x_wconf 89' lang='lat' dir='ltr'>infinitivo</span> <span class='ocrx_word' id='word_1_199' title='bbox 539 2051 587 2086; x_wconf 87' lang='lat' dir='ltr'>ad</span> <span class='ocrx_word' id='word_1_200' title='bbox 620 2052 816 2097; x_wconf 86' lang='lat' dir='ltr'>designan-</span> 
     </span>
     <span class='ocr_line' id='line_1_37' title="bbox 185 2096 818 2142; baseline 0.005 -13"><span class='ocrx_word' id='word_1_201' title='bbox 185 2096 272 2130; x_wconf 90' lang='lat' dir='ltr'>dum</span> <span class='ocrx_word' id='word_1_202' title='bbox 309 2096 503 2131; x_wconf 88' lang='lat' dir='ltr'>eonsilium</span> <span class='ocrx_word' id='word_1_203' title='bbox 539 2101 736 2142; x_wconf 80' lang='lat' dir='ltr'>usurpatus</span> <span class='ocrx_word' id='word_1_204' title='bbox 775 2097 818 2132; x_wconf 91' lang='lat' dir='ltr'>G.</span> 
     </span>
    </p>
   </div>
   <div class='ocr_carea' id='block_1_8' title="bbox 185 2140 819 2220">
    <p class='ocr_par' dir='ltr' id='par_1_8' title="bbox 185 2140 819 2220">
     <span class='ocr_line' id='line_1_38' title="bbox 185 2140 819 2186; baseline 0.003 -11"><span class='ocrx_word' id='word_1_205' title='bbox 185 2145 250 2176; x_wconf 90' lang='lat'>509</span> <span class='ocrx_word' id='word_1_206' title='bbox 276 2140 320 2177; x_wconf 94' lang='lat' dir='ltr'>D.</span> <span class='ocrx_word' id='word_1_207' title='bbox 346 2161 386 2165; x_wconf 90' lang='lat'>—</span> <span class='ocrx_word' id='word_1_208' title='bbox 413 2142 523 2186; x_wconf 80' lang='lat' dir='ltr'>pretii</span> <span class='ocrx_word' id='word_1_209' title='bbox 547 2143 675 2186; x_wconf 84' lang='lat' dir='ltr'>paullo</span> <span class='ocrx_word' id='word_1_210' title='bbox 700 2143 819 2177; x_wconf 85' lang='lat' dir='ltr'>rarior</span> 
     </span>
     <span class='ocr_line' id='line_1_39' title="bbox 186 2185 388 2220; baseline -0.005 0"><span class='ocrx_word' id='word_1_211' title='bbox 186 2185 228 2220; x_wconf 86' lang='lat' dir='ltr'>G.</span> <span class='ocrx_word' id='word_1_212' title='bbox 254 2190 315 2220; x_wconf 86' lang='lat'>511</span> <span class='ocrx_word' id='word_1_213' title='bbox 344 2185 388 2220; x_wconf 92' lang='lat' dir='ltr'>D.</span> 
     </span>
    </p>
   </div>
   <div class='ocr_carea' id='block_1_9' title="bbox 140 2241 818 2502">
    <p class='ocr_par' dir='ltr' id='par_1_9' title="bbox 140 2241 818 2286">
     <span class='ocr_line' id='line_1_40' title="bbox 140 2241 818 2286; baseline 0.001 -9"><span class='ocrx_word' id='word_1_214' title='bbox 140 2241 437 2277; x_wconf 82' lang='lat' dir='ltr'>Geometrica</span> <span class='ocrx_word' id='word_1_215' title='bbox 474 2243 743 2286; x_wconf 73' lang='lat' dir='ltr'>aequalitas</span> <span class='ocrx_word' id='word_1_216' title='bbox 775 2243 818 2278; x_wconf 91' lang='lat' dir='ltr'>G.</span> 
     </span>
    </p>

    <p class='ocr_par' dir='ltr' id='par_1_10' title="bbox 140 2288 748 2376">
     <span class='ocr_line' id='line_1_41' title="bbox 140 2288 748 2376; baseline 0.003 -11"><span class='ocrx_word' id='word_1_217' title='bbox 140 2288 363 2376; x_wconf 48' lang='lat'>(³333...</span> <span class='ocrx_word' id='word_1_218' title='bbox 385 2333 523 2367; x_wconf 74' lang='lat' dir='ltr'>boves</span> <span class='ocrx_word' id='word_1_219' title='bbox 550 2332 591 2369; x_wconf 83' lang='lat' dir='ltr'>G.</span> <span class='ocrx_word' id='word_1_220' title='bbox 617 2320 682 2368; x_wconf 72' lang='lat'>484</span> <span class='ocrx_word' id='word_1_221' title='bbox 707 2333 748 2367; x_wconf 85' lang='lat' dir='ltr'>B.</span> 
     </span>
    </p>

    <p class='ocr_par' dir='ltr' id='par_1_11' title="bbox 140 2375 812 2502">
     <span class='ocr_line' id='line_1_42' title="bbox 140 2375 812 2421; baseline 0.003 -10"><span class='ocrx_word' id='word_1_222' title='bbox 140 2375 353 2421; x_wconf 85' lang='lat' dir='ltr'>Gorgias:</span> <span class='ocrx_word' id='word_1_223' title='bbox 378 2377 649 2421; x_wconf 85' lang='lat' dir='ltr'>Empedocleus</span> <span class='ocrx_word' id='word_1_224' title='bbox 674 2377 744 2411; x_wconf 81' lang='lat' dir='ltr'>fuit</span> <span class='ocrx_word' id='word_1_225' title='bbox 770 2377 812 2413; x_wconf 91' lang='lat' dir='ltr'>G.</span> 
     </span>
     <span class='ocr_line' id='line_1_43' title="bbox 185 2421 811 2467; baseline 0.005 -12"><span class='ocrx_word' id='word_1_226' title='bbox 185 2424 250 2456; x_wconf 86' lang='lat'>465</span> <span class='ocrx_word' id='word_1_227' title='bbox 268 2421 311 2456; x_wconf 90' lang='lat' dir='ltr'>D.</span> <span class='ocrx_word' id='word_1_228' title='bbox 331 2443 371 2446; x_wconf 95' lang='lat'><strong>—</strong></span> <span class='ocrx_word' id='word_1_229' title='bbox 390 2423 440 2457; x_wconf 88' lang='lat' dir='ltr'>al.</span> <span class='ocrx_word' id='word_1_230' title='bbox 458 2426 522 2456; x_wconf 93' lang='grc'>447</span> <span class='ocrx_word' id='word_1_231' title='bbox 542 2423 573 2456; x_wconf 92' lang='lat' dir='ltr'>A</span> <span class='ocrx_word' id='word_1_232' title='bbox 592 2433 666 2467; x_wconf 85' lang='lat' dir='ltr'>seq.</span> <span class='ocrx_word' id='word_1_233' title='bbox 687 2427 753 2458; x_wconf 86' lang='lat'>449</span> <span class='ocrx_word' id='word_1_234' title='bbox 771 2423 811 2459; x_wconf 94' lang='grc' dir='ltr'>Β.</span> 
     </span>
     <span class='ocr_line' id='line_1_44' title="bbox 183 2466 472 2502; baseline 0.007 -2"><span class='ocrx_word' id='word_1_235' title='bbox 183 2470 250 2501; x_wconf 82' lang='grc'>450</span> <span class='ocrx_word' id='word_1_236' title='bbox 274 2466 314 2501; x_wconf 86' lang='grc' dir='ltr'>Β.</span> <span class='ocrx_word' id='word_1_237' title='bbox 339 2471 404 2502; x_wconf 82' lang='lat'>452</span> <span class='ocrx_word' id='word_1_238' title='bbox 431 2467 472 2502; x_wconf 88' lang='lat' dir='ltr'>D.</span> 
     </span>
    </p>
   </div>
   <div class='ocr_carea' id='block_1_10' title="bbox 140 2521 816 2927">
    <p class='ocr_par' dir='ltr' id='par_1_12' title="bbox 140 2521 816 2873">
     <span class='ocr_line' id='line_1_45' title="bbox 140 2521 815 2568; baseline 0.003 -12"><span class='ocrx_word' id='word_1_239' title='bbox 140 2521 303 2556; x_wconf 87' lang='lat' dir='ltr'>Graeci</span> <span class='ocrx_word' id='word_1_240' title='bbox 347 2523 551 2566; x_wconf 83' lang='lat' dir='ltr'>antiquitus</span> <span class='ocrx_word' id='word_1_241' title='bbox 587 2523 730 2568; x_wconf 85' lang='lat' dir='ltr'>lapides</span> <span class='ocrx_word' id='word_1_242' title='bbox 772 2534 815 2558; x_wconf 85' lang='lat' dir='ltr'>ac</span> 
     </span>
     <span class='ocr_line' id='line_1_46' title="bbox 184 2567 816 2612; baseline 0.005 -12"><span class='ocrx_word' id='word_1_243' title='bbox 184 2567 330 2611; x_wconf 78' lang='lat' dir='ltr'>stipites</span> <span class='ocrx_word' id='word_1_244' title='bbox 354 2579 420 2612; x_wconf 90' lang='lat' dir='ltr'>pro</span> <span class='ocrx_word' id='word_1_245' title='bbox 439 2568 516 2602; x_wconf 89' lang='lat' dir='ltr'>Diis</span> <span class='ocrx_word' id='word_1_246' title='bbox 540 2568 707 2603; x_wconf 86' lang='lat' dir='ltr'>venerati</span> <span class='ocrx_word' id='word_1_247' title='bbox 732 2570 816 2603; x_wconf 87' lang='lat' dir='ltr'>sunt</span> 
     </span>
     <span class='ocr_line' id='line_1_47' title="bbox 182 2611 815 2648; baseline 0.003 -3"><span class='ocrx_word' id='word_1_248' title='bbox 182 2611 221 2645; x_wconf 92' lang='lat' dir='ltr'>P.</span> <span class='ocrx_word' id='word_1_249' title='bbox 250 2616 314 2647; x_wconf 87' lang='grc'>322</span> <span class='ocrx_word' id='word_1_250' title='bbox 340 2614 383 2647; x_wconf 86' lang='lat' dir='ltr'>A.</span> <span class='ocrx_word' id='word_1_251' title='bbox 411 2633 453 2637; x_wconf 98' lang='lat'><strong>—</strong></span> <span class='ocrx_word' id='word_1_252' title='bbox 478 2613 525 2647; x_wconf 82' lang='lat' dir='ltr'>ad</span> <span class='ocrx_word' id='word_1_253' title='bbox 557 2624 639 2648; x_wconf 87' lang='lat' dir='ltr'>aras</span> <span class='ocrx_word' id='word_1_254' title='bbox 670 2614 815 2648; x_wconf 88' lang='lat' dir='ltr'>iurave-</span> 
     </span>
     <span class='ocr_line' id='line_1_48' title="bbox 183 2656 815 2695; baseline 0.003 -5"><span class='ocrx_word' id='word_1_255' title='bbox 183 2659 271 2691; x_wconf 89' lang='lat' dir='ltr'>runt</span> <span class='ocrx_word' id='word_1_256' title='bbox 295 2656 334 2695; x_wconf 92' lang='lat' dir='ltr'>P.</span> <span class='ocrx_word' id='word_1_257' title='bbox 354 2661 419 2693; x_wconf 88' lang='grc'>328</span> <span class='ocrx_word' id='word_1_258' title='bbox 437 2658 476 2692; x_wconf 93' lang='grc' dir='ltr'>Β.</span> <span class='ocrx_word' id='word_1_259' title='bbox 505 2679 541 2683; x_wconf 89' lang='grc'>-</span> <span class='ocrx_word' id='word_1_260' title='bbox 570 2658 724 2693; x_wconf 74' lang='lat' dir='ltr'>atticam</span> <span class='ocrx_word' id='word_1_261' title='bbox 750 2658 815 2692; x_wconf 84' lang='lat' dir='ltr'>lin-</span> 
     </span>
     <span class='ocr_line' id='line_1_49' title="bbox 185 2702 814 2748; baseline 0.005 -13"><span class='ocrx_word' id='word_1_262' title='bbox 185 2712 298 2745; x_wconf 86' lang='lat' dir='ltr'>guam</span> <span class='ocrx_word' id='word_1_263' title='bbox 329 2702 508 2746; x_wconf 77' lang='lat' dir='ltr'>optimam</span> <span class='ocrx_word' id='word_1_264' title='bbox 536 2704 574 2737; x_wconf 81' lang='lat' dir='ltr'>et</span> <span class='ocrx_word' id='word_1_265' title='bbox 598 2714 682 2738; x_wconf 90' lang='lat' dir='ltr'>vere</span> <span class='ocrx_word' id='word_1_266' title='bbox 708 2713 814 2748; x_wconf 85' lang='lat' dir='ltr'>grae-</span> 
     </span>
     <span class='ocr_line' id='line_1_50' title="bbox 183 2747 813 2783; baseline 0.005 -3"><span class='ocrx_word' id='word_1_267' title='bbox 183 2756 264 2780; x_wconf 85' lang='lat' dir='ltr'>cam</span> <span class='ocrx_word' id='word_1_268' title='bbox 307 2747 494 2782; x_wconf 84' lang='lat' dir='ltr'>duxerunt</span> <span class='ocrx_word' id='word_1_269' title='bbox 529 2748 567 2781; x_wconf 92' lang='lat' dir='ltr'>P.</span> <span class='ocrx_word' id='word_1_270' title='bbox 599 2753 663 2783; x_wconf 85' lang='lat'>341</span> <span class='ocrx_word' id='word_1_271' title='bbox 696 2750 732 2782; x_wconf 87' lang='lat' dir='ltr'>C.</span> <span class='ocrx_word' id='word_1_272' title='bbox 772 2769 813 2773; x_wconf 90' lang='lat'><strong>—</strong></span> 
     </span>
     <span class='ocr_line' id='line_1_51' title="bbox 184 2790 814 2837; baseline 0.005 -13"><span class='ocrx_word' id='word_1_273' title='bbox 184 2790 350 2826; x_wconf 77' lang='lat' dir='ltr'>Athenas</span> <span class='ocrx_word' id='word_1_274' title='bbox 381 2793 568 2827; x_wconf 78' lang='lat' dir='ltr'>vocabant</span> <span class='ocrx_word' id='word_1_275' title='bbox 593 2796 814 2837; x_wconf 84' lang='lat' dir='ltr'>prytaneum</span> 
     </span>
     <span class='ocr_line' id='line_1_52' title="bbox 184 2834 587 2873; baseline 0.01 -4"><span class='ocrx_word' id='word_1_276' title='bbox 184 2834 363 2871; x_wconf 85' lang='lat' dir='ltr'>Graeciae</span> <span class='ocrx_word' id='word_1_277' title='bbox 390 2837 428 2872; x_wconf 90' lang='lat' dir='ltr'>P.</span> <span class='ocrx_word' id='word_1_278' title='bbox 454 2842 518 2873; x_wconf 86' lang='grc'>337</span> <span class='ocrx_word' id='word_1_279' title='bbox 544 2838 587 2872; x_wconf 88' lang='lat' dir='ltr'>D.</span> 
     </span>
    </p>

    <p class='ocr_par' dir='ltr' id='par_1_13' title="bbox 140 2879 815 2927">
     <span class='ocr_line' id='line_1_53' title="bbox 140 2879 815 2927; baseline 0.006 -14"><span class='ocrx_word' id='word_1_280' title='bbox 140 2879 498 2917; x_wconf 82' lang='lat' dir='ltr'>Grammatistae</span> <span class='ocrx_word' id='word_1_281' title='bbox 548 2893 642 2926; x_wconf 80' lang='lat' dir='ltr'>quae</span> <span class='ocrx_word' id='word_1_282' title='bbox 681 2893 815 2927; x_wconf 88' lang='lat' dir='ltr'>pueros</span> 
     </span>
    </p>
   </div>
   <div class='ocr_carea' id='block_1_11' title="bbox 1489 183 1570 225">
    <p class='ocr_par' dir='ltr' id='par_1_14' title="bbox 1489 183 1570 225">
     <span class='ocr_line' id='line_1_54' title="bbox 1489 183 1570 225; baseline 0.012 -1"><span class='ocrx_word' id='word_1_283' title='bbox 1489 183 1570 225; x_wconf 83' lang='lat'>207</span> 
     </span>
    </p>
   </div>
   <div class='ocr_carea' id='block_1_12' title="bbox 939 281 1575 409">
    <p class='ocr_par' dir='ltr' id='par_1_15' title="bbox 939 281 1575 409">
     <span class='ocr_line' id='line_1_55' title="bbox 941 281 1574 326; baseline 0.003 -10"><span class='ocrx_word' id='word_1_284' title='bbox 941 281 1135 316; x_wconf 77' lang='lat' dir='ltr'>docuerint</span> <span class='ocrx_word' id='word_1_285' title='bbox 1167 281 1204 318; x_wconf 91' lang='lat' dir='ltr'>P.</span> <span class='ocrx_word' id='word_1_286' title='bbox 1232 286 1297 317; x_wconf 81' lang='lat'>325</span> <span class='ocrx_word' id='word_1_287' title='bbox 1324 282 1363 318; x_wconf 84' lang='grc' dir='ltr'>Ε.</span> <span class='ocrx_word' id='word_1_288' title='bbox 1390 303 1433 308; x_wconf 80' lang='lat'><em>-</em></span> <span class='ocrx_word' id='word_1_289' title='bbox 1459 285 1574 326; x_wconf 84' lang='lat' dir='ltr'>quoto</span> 
     </span>
     <span class='ocr_line' id='line_1_56' title="bbox 941 327 1575 371; baseline 0.002 -10"><span class='ocrx_word' id='word_1_290' title='bbox 941 327 1076 361; x_wconf 86' lang='lat' dir='ltr'>aetatis</span> <span class='ocrx_word' id='word_1_291' title='bbox 1108 337 1206 361; x_wconf 83' lang='lat' dir='ltr'>anno</span> <span class='ocrx_word' id='word_1_292' title='bbox 1237 328 1344 371; x_wconf 89' lang='lat' dir='ltr'>pueri</span> <span class='ocrx_word' id='word_1_293' title='bbox 1376 327 1420 362; x_wconf 87' lang='lat' dir='ltr'>iis</span> <span class='ocrx_word' id='word_1_294' title='bbox 1444 328 1575 363; x_wconf 76' lang='lat' dir='ltr'>traditi</span> 
     </span>
     <span class='ocr_line' id='line_1_57' title="bbox 939 371 1234 409; baseline 0.014 -5"><span class='ocrx_word' id='word_1_295' title='bbox 939 371 1013 406; x_wconf 72' lang='lat' dir='ltr'>sint·</span> <span class='ocrx_word' id='word_1_296' title='bbox 1037 371 1073 408; x_wconf 91' lang='lat' dir='ltr'>P.</span> <span class='ocrx_word' id='word_1_297' title='bbox 1100 376 1165 406; x_wconf 77' lang='lat'>325</span> <span class='ocrx_word' id='word_1_298' title='bbox 1191 371 1234 409; x_wconf 91' lang='lat' dir='ltr'>D.</span> 
     </span>
    </p>
   </div>
   <div class='ocr_carea' id='block_1_13' title="bbox 1209 472 1262 514">
    <p class='ocr_par' dir='ltr' id='par_1_16' title="bbox 1209 472 1262 514">
     <span class='ocr_line' id='line_1_58' title="bbox 1209 472 1262 514; baseline 0.019 -1"><span class='ocrx_word' id='word_1_299' title='bbox 1209 472 1262 514; x_wconf 93' lang='lat' dir='ltr'>H.</span> 
     </span>
    </p>
   </div>
   <div class='ocr_carea' id='block_1_14' title="bbox 891 548 1575 1131">
    <p class='ocr_par' dir='ltr' id='par_1_17' title="bbox 891 548 1575 1131">
     <span class='ocr_line' id='line_1_59' title="bbox 898 548 1570 587; baseline 0.003 -4"><span class='ocrx_word' id='word_1_300' title='bbox 898 548 1149 584; x_wconf 84' lang='lat' dir='ltr'>Herodicus</span> <span class='ocrx_word' id='word_1_301' title='bbox 1175 549 1216 584; x_wconf 90' lang='lat' dir='ltr'>G.</span> <span class='ocrx_word' id='word_1_302' title='bbox 1236 553 1301 584; x_wconf 89' lang='grc'>448</span> <span class='ocrx_word' id='word_1_303' title='bbox 1318 551 1360 587; x_wconf 91' lang='grc' dir='ltr'>Β.</span> <span class='ocrx_word' id='word_1_304' title='bbox 1389 551 1425 585; x_wconf 89' lang='lat' dir='ltr'>P.</span> <span class='ocrx_word' id='word_1_305' title='bbox 1447 554 1511 585; x_wconf 84' lang='lat'>316</span> <span class='ocrx_word' id='word_1_306' title='bbox 1530 551 1570 585; x_wconf 91' lang='lat' dir='ltr'>E.</span> 
     </span>
     <span class='ocr_line' id='line_1_60' title="bbox 897 593 1468 640; baseline 0.004 -12"><span class='ocrx_word' id='word_1_307' title='bbox 897 593 1123 628; x_wconf 82' lang='lat' dir='ltr'>Hesiodus</span> <span class='ocrx_word' id='word_1_308' title='bbox 1148 605 1243 640; x_wconf 85' lang='lat' dir='ltr'>resp.</span> <span class='ocrx_word' id='word_1_309' title='bbox 1270 594 1308 631; x_wconf 91' lang='lat' dir='ltr'>P.</span> <span class='ocrx_word' id='word_1_310' title='bbox 1335 600 1400 630; x_wconf 86' lang='lat'>340</span> <span class='ocrx_word' id='word_1_311' title='bbox 1427 596 1468 630; x_wconf 93' lang='lat' dir='ltr'>D.</span> 
     </span>
     <span class='ocr_line' id='line_1_61' title="bbox 898 639 1575 684; baseline 0.006 -12"><span class='ocrx_word' id='word_1_312' title='bbox 898 639 932 673; x_wconf 94' lang='lat' dir='ltr'>H</span> <span class='ocrx_word' id='word_1_313' title='bbox 948 639 960 673; x_wconf 94' lang='lat' dir='ltr'>i</span> <span class='ocrx_word' id='word_1_314' title='bbox 976 649 998 672; x_wconf 86' lang='lat' dir='ltr'>a</span> <span class='ocrx_word' id='word_1_315' title='bbox 1012 640 1029 673; x_wconf 79' lang='lat' dir='ltr'>t</span> <span class='ocrx_word' id='word_1_316' title='bbox 1043 650 1067 672; x_wconf 92' lang='lat' dir='ltr'>u</span> <span class='ocrx_word' id='word_1_317' title='bbox 1083 650 1098 673; x_wconf 90' lang='lat' dir='ltr'>s</span> <span class='ocrx_word' id='word_1_318' title='bbox 1149 640 1186 673; x_wconf 90' lang='lat' dir='ltr'>in</span> <span class='ocrx_word' id='word_1_319' title='bbox 1237 641 1575 684; x_wconf 85' lang='lat' dir='ltr'>praepositionibus</span> 
     </span>
     <span class='ocr_line' id='line_1_62' title="bbox 942 683 1573 728; baseline 0.005 -11"><span class='ocrx_word' id='word_1_320' title='bbox 942 685 1142 728; x_wconf 86' lang='lat' dir='ltr'>usurpatus</span> <span class='ocrx_word' id='word_1_321' title='bbox 1156 683 1196 720; x_wconf 90' lang='lat' dir='ltr'>P.</span> <span class='ocrx_word' id='word_1_322' title='bbox 1211 689 1274 719; x_wconf 88' lang='grc'><strong>352</strong></span> <span class='ocrx_word' id='word_1_323' title='bbox 1284 684 1325 720; x_wconf 91' lang='grc' dir='ltr'>Ε.</span> <span class='ocrx_word' id='word_1_324' title='bbox 1345 685 1429 720; x_wconf 88' lang='lat' dir='ltr'>coll.</span> <span class='ocrx_word' id='word_1_325' title='bbox 1452 690 1516 720; x_wconf 87' lang='grc'>352</span> <span class='ocrx_word' id='word_1_326' title='bbox 1534 685 1573 721; x_wconf 88' lang='lat' dir='ltr'>C.</span> 
     </span>
     <span class='ocr_line' id='line_1_63' title="bbox 897 728 1572 774; baseline 0.003 -12"><span class='ocrx_word' id='word_1_327' title='bbox 897 728 1091 772; x_wconf 88' lang='lat' dir='ltr'>Hippias</span> <span class='ocrx_word' id='word_1_328' title='bbox 1108 728 1219 763; x_wconf 90' lang='lat' dir='ltr'>homo</span> <span class='ocrx_word' id='word_1_329' title='bbox 1238 730 1403 764; x_wconf 80' lang='lat' dir='ltr'>vanitate</span> <span class='ocrx_word' id='word_1_330' title='bbox 1418 730 1572 774; x_wconf 86' lang='lat' dir='ltr'>insignis</span> 
     </span>
     <span class='ocr_line' id='line_1_64' title="bbox 942 772 1571 812; baseline 0.008 -6"><span class='ocrx_word' id='word_1_331' title='bbox 942 773 980 810; x_wconf 88' lang='lat' dir='ltr'>P.</span> <span class='ocrx_word' id='word_1_332' title='bbox 999 777 1065 808; x_wconf 84' lang='lat'>314</span> <span class='ocrx_word' id='word_1_333' title='bbox 1081 772 1122 808; x_wconf 87' lang='lat' dir='ltr'>B.</span> <span class='ocrx_word' id='word_1_334' title='bbox 1151 777 1216 808; x_wconf 87' lang='lat'>315</span> <span class='ocrx_word' id='word_1_335' title='bbox 1235 772 1272 808; x_wconf 83' lang='lat' dir='ltr'>C.</span> <span class='ocrx_word' id='word_1_336' title='bbox 1299 777 1363 808; x_wconf 88' lang='lat'>318</span> <span class='ocrx_word' id='word_1_337' title='bbox 1380 774 1420 808; x_wconf 88' lang='lat' dir='ltr'>E.</span> <span class='ocrx_word' id='word_1_338' title='bbox 1449 779 1513 810; x_wconf 82' lang='lat'>337</span> <span class='ocrx_word' id='word_1_339' title='bbox 1533 775 1571 812; x_wconf 86' lang='lat' dir='ltr'>C.</span> 
     </span>
     <span class='ocr_line' id='line_1_65' title="bbox 892 817 1570 896; baseline 0.006 -45"><span class='ocrx_word' id='word_1_340' title='bbox 892 817 1268 896; x_wconf 55' lang='lat' dir='ltr'>Hipchrates</span> <span class='ocrx_word' id='word_1_341' title='bbox 1293 817 1507 854; x_wconf 81' lang='lat' dir='ltr'>adolescens</span> <span class='ocrx_word' id='word_1_342' title='bbox 1532 820 1570 855; x_wconf 94' lang='lat' dir='ltr'>P.</span> 
     </span>
     <span class='ocr_line' id='line_1_66' title="bbox 893 906 1570 985; baseline 0.004 -45"><span class='ocrx_word' id='word_1_343' title='bbox 893 907 1253 985; x_wconf 82' lang='lat' dir='ltr'>HippocBrates</span> <span class='ocrx_word' id='word_1_344' title='bbox 1285 906 1380 942; x_wconf 81' lang='lat' dir='ltr'>Cous</span> <span class='ocrx_word' id='word_1_345' title='bbox 1405 908 1570 943; x_wconf 89' lang='lat' dir='ltr'>medicus</span> 
     </span>
     <span class='ocr_line' id='line_1_67' title="bbox 891 963 1568 1041; baseline 0.003 -10"><span class='ocrx_word' id='word_1_346' title='bbox 891 963 1109 1031; x_wconf 44' lang='lat' dir='ltr'>HGmerus</span> <span class='ocrx_word' id='word_1_347' title='bbox 1127 1006 1222 1041; x_wconf 87' lang='lat' dir='ltr'>resp.</span> <span class='ocrx_word' id='word_1_348' title='bbox 1244 996 1286 1033; x_wconf 88' lang='lat' dir='ltr'>G.</span> <span class='ocrx_word' id='word_1_349' title='bbox 1305 1001 1371 1031; x_wconf 86' lang='grc'>525</span> <span class='ocrx_word' id='word_1_350' title='bbox 1384 996 1427 1032; x_wconf 94' lang='lat' dir='ltr'>D.</span> <span class='ocrx_word' id='word_1_351' title='bbox 1447 1001 1511 1032; x_wconf 86' lang='grc'><strong>526</strong></span> <span class='ocrx_word' id='word_1_352' title='bbox 1528 998 1568 1033; x_wconf 85' lang='lat' dir='ltr'>C.</span> 
     </span>
     <span class='ocr_line' id='line_1_68' title="bbox 937 1040 1507 1077; baseline -0.002 -1"><span class='ocrx_word' id='word_1_353' title='bbox 937 1042 975 1076; x_wconf 89' lang='lat' dir='ltr'>P.</span> <span class='ocrx_word' id='word_1_354' title='bbox 1001 1046 1066 1076; x_wconf 85' lang='lat'>309</span> <span class='ocrx_word' id='word_1_355' title='bbox 1091 1042 1133 1076; x_wconf 93' lang='lat' dir='ltr'>A.</span> <span class='ocrx_word' id='word_1_356' title='bbox 1160 1045 1226 1076; x_wconf 85' lang='lat'>315</span> <span class='ocrx_word' id='word_1_357' title='bbox 1251 1041 1291 1075; x_wconf 92' lang='grc' dir='ltr'>Β.</span> <span class='ocrx_word' id='word_1_358' title='bbox 1310 1040 1347 1075; x_wconf 93' lang='lat' dir='ltr'>C.</span> <span class='ocrx_word' id='word_1_359' title='bbox 1373 1047 1438 1077; x_wconf 79' lang='lat'>340</span> <span class='ocrx_word' id='word_1_360' title='bbox 1464 1044 1507 1076; x_wconf 89' lang='lat' dir='ltr'>A.</span> 
     </span>
     <span class='ocr_line' id='line_1_69' title="bbox 892 1085 1411 1131; baseline 0.004 -12"><span class='ocrx_word' id='word_1_361' title='bbox 892 1085 1192 1131; x_wconf 78' lang='lat' dir='ltr'>Hyperbaton</span> <span class='ocrx_word' id='word_1_362' title='bbox 1217 1087 1254 1121; x_wconf 89' lang='grc' dir='ltr'>Ρ.</span> <span class='ocrx_word' id='word_1_363' title='bbox 1281 1090 1346 1121; x_wconf 81' lang='grc'>343</span> <span class='ocrx_word' id='word_1_364' title='bbox 1371 1087 1411 1121; x_wconf 92' lang='grc' dir='ltr'>Ε.</span> 
     </span>
    </p>
   </div>
   <div class='ocr_carea' id='block_1_15' title="bbox 1218 1187 1251 1229">
    <p class='ocr_par' dir='ltr' id='par_1_18' title="bbox 1218 1187 1251 1229">
     <span class='ocr_line' id='line_1_70' title="bbox 1218 1187 1251 1229; baseline 0.03 -1"><span class='ocrx_word' id='word_1_365' title='bbox 1218 1187 1251 1229; x_wconf 90' lang='grc' dir='ltr'>Ι.</span> 
     </span>
    </p>
   </div>
   <div class='ocr_carea' id='block_1_16' title="bbox 887 1264 1570 2927">
    <p class='ocr_par' dir='ltr' id='par_1_19' title="bbox 890 1264 1570 1390">
     <span class='ocr_line' id='line_1_71' title="bbox 890 1264 1570 1309; baseline 0.001 -9"><span class='ocrx_word' id='word_1_366' title='bbox 890 1265 1125 1300; x_wconf 83' lang='lat' dir='ltr'>Ianitores</span> <span class='ocrx_word' id='word_1_367' title='bbox 1143 1264 1308 1300; x_wconf 84' lang='lat' dir='ltr'>Socratis</span> <span class='ocrx_word' id='word_1_368' title='bbox 1325 1266 1449 1301; x_wconf 77' lang='lat' dir='ltr'>aetate</span> <span class='ocrx_word' id='word_1_369' title='bbox 1469 1267 1570 1309; x_wconf 79' lang='lat' dir='ltr'>apud</span> 
     </span>
     <span class='ocr_line' id='line_1_72' title="bbox 934 1309 1561 1354; baseline 0.002 -10"><span class='ocrx_word' id='word_1_370' title='bbox 934 1309 1096 1345; x_wconf 87' lang='lat' dir='ltr'>Graecos</span> <span class='ocrx_word' id='word_1_371' title='bbox 1135 1311 1174 1344; x_wconf 90' lang='lat' dir='ltr'>in</span> <span class='ocrx_word' id='word_1_372' title='bbox 1213 1310 1342 1354; x_wconf 82' lang='lat' dir='ltr'>paucis</span> <span class='ocrx_word' id='word_1_373' title='bbox 1391 1311 1561 1345; x_wconf 84' lang='lat' dir='ltr'>domibus</span> 
     </span>
     <span class='ocr_line' id='line_1_73' title="bbox 935 1355 1381 1390; baseline 0 -1"><span class='ocrx_word' id='word_1_374' title='bbox 935 1356 1044 1390; x_wconf 86' lang='lat' dir='ltr'>erant</span> <span class='ocrx_word' id='word_1_375' title='bbox 1066 1355 1106 1389; x_wconf 92' lang='lat' dir='ltr'>P.</span> <span class='ocrx_word' id='word_1_376' title='bbox 1133 1360 1198 1390; x_wconf 90' lang='lat'>314</span> <span class='ocrx_word' id='word_1_377' title='bbox 1224 1355 1250 1390; x_wconf 90' lang='lat' dir='ltr'>C</span> <span class='ocrx_word' id='word_1_378' title='bbox 1277 1357 1315 1390; x_wconf 88' lang='lat' dir='ltr'>et</span> <span class='ocrx_word' id='word_1_379' title='bbox 1339 1355 1381 1389; x_wconf 92' lang='lat' dir='ltr'>D.</span> 
     </span>
    </p>

    <p class='ocr_par' dir='ltr' id='par_1_20' title="bbox 890 1400 1565 1445">
     <span class='ocr_line' id='line_1_74' title="bbox 890 1400 1565 1445; baseline 0.003 -11"><span class='ocrx_word' id='word_1_380' title='bbox 890 1400 1029 1435; x_wconf 88' lang='lat' dir='ltr'>Ianua</span> <span class='ocrx_word' id='word_1_381' title='bbox 1051 1400 1151 1435; x_wconf 80' lang='lat' dir='ltr'>foras</span> <span class='ocrx_word' id='word_1_382' title='bbox 1176 1401 1342 1445; x_wconf 80' lang='lat' dir='ltr'>aperitur</span> <span class='ocrx_word' id='word_1_383' title='bbox 1366 1401 1405 1435; x_wconf 92' lang='lat' dir='ltr'>P.</span> <span class='ocrx_word' id='word_1_384' title='bbox 1432 1404 1496 1435; x_wconf 81' lang='lat'>314</span> <span class='ocrx_word' id='word_1_385' title='bbox 1522 1401 1565 1436; x_wconf 95' lang='lat' dir='ltr'>D.</span> 
     </span>
    </p>

    <p class='ocr_par' dir='ltr' id='par_1_21' title="bbox 890 1445 1486 1480">
     <span class='ocr_line' id='line_1_75' title="bbox 890 1445 1486 1480; baseline -0.002 0"><span class='ocrx_word' id='word_1_386' title='bbox 890 1446 1013 1480; x_wconf 89' lang='lat' dir='ltr'>Iccus</span> <span class='ocrx_word' id='word_1_387' title='bbox 1037 1445 1262 1480; x_wconf 82' lang='lat' dir='ltr'>Tarentinus</span> <span class='ocrx_word' id='word_1_388' title='bbox 1287 1445 1325 1480; x_wconf 92' lang='grc' dir='ltr'>Ρ.</span> <span class='ocrx_word' id='word_1_389' title='bbox 1354 1449 1420 1480; x_wconf 89' lang='grc'>316</span> <span class='ocrx_word' id='word_1_390' title='bbox 1445 1445 1486 1480; x_wconf 95' lang='lat' dir='ltr'>D.</span> 
     </span>
    </p>

    <p class='ocr_par' dir='ltr' id='par_1_22' title="bbox 890 1489 1568 1570">
     <span class='ocr_line' id='line_1_76' title="bbox 890 1489 1568 1534; baseline 0.004 -11"><span class='ocrx_word' id='word_1_391' title='bbox 890 1489 1016 1534; x_wconf 86' lang='lat' dir='ltr'>Ignis</span> <span class='ocrx_word' id='word_1_392' title='bbox 1049 1501 1133 1525; x_wconf 83' lang='lat' dir='ltr'>usus</span> <span class='ocrx_word' id='word_1_393' title='bbox 1164 1491 1212 1524; x_wconf 86' lang='lat' dir='ltr'>ad</span> <span class='ocrx_word' id='word_1_394' title='bbox 1245 1491 1381 1525; x_wconf 81' lang='lat' dir='ltr'>artium</span> <span class='ocrx_word' id='word_1_395' title='bbox 1415 1491 1568 1526; x_wconf 82' lang='lat' dir='ltr'>inventa</span> 
     </span>
     <span class='ocr_line' id='line_1_77' title="bbox 934 1534 1381 1570; baseline 0 -1"><span class='ocrx_word' id='word_1_396' title='bbox 934 1536 1162 1570; x_wconf 86' lang='lat' dir='ltr'>necessarius</span> <span class='ocrx_word' id='word_1_397' title='bbox 1186 1534 1227 1570; x_wconf 92' lang='lat' dir='ltr'>P.</span> <span class='ocrx_word' id='word_1_398' title='bbox 1252 1539 1314 1569; x_wconf 87' lang='grc'>321</span> <span class='ocrx_word' id='word_1_399' title='bbox 1341 1535 1381 1570; x_wconf 87' lang='grc' dir='ltr'>Ε.</span> 
     </span>
    </p>

    <p class='ocr_par' dir='ltr' id='par_1_23' title="bbox 890 1579 1569 1840">
     <span class='ocr_line' id='line_1_78' title="bbox 890 1579 1568 1625; baseline 0.001 -11"><span class='ocrx_word' id='word_1_400' title='bbox 890 1579 1289 1625; x_wconf 75' lang='lat' dir='ltr'>Imperfectumzin</span> <span class='ocrx_word' id='word_1_401' title='bbox 1303 1580 1568 1625; x_wconf 80' lang='lat' dir='ltr'>sententiahy-</span> 
     </span>
     <span class='ocr_line' id='line_1_79' title="bbox 934 1625 1569 1669; baseline 0.002 -10"><span class='ocrx_word' id='word_1_402' title='bbox 934 1625 1127 1669; x_wconf 78' lang='lat' dir='ltr'>pothetica</span> <span class='ocrx_word' id='word_1_403' title='bbox 1157 1635 1240 1659; x_wconf 85' lang='lat' dir='ltr'>cum</span> <span class='ocrx_word' id='word_1_404' title='bbox 1273 1625 1410 1659; x_wconf 86' lang='lat' dir='ltr'>aoristo</span> <span class='ocrx_word' id='word_1_405' title='bbox 1443 1636 1569 1660; x_wconf 84' lang='lat' dir='ltr'>conso-</span> 
     </span>
     <span class='ocr_line' id='line_1_80' title="bbox 935 1669 1564 1705; baseline 0.002 -1"><span class='ocrx_word' id='word_1_406' title='bbox 935 1671 1072 1704; x_wconf 80' lang='lat' dir='ltr'>ciatum</span> <span class='ocrx_word' id='word_1_407' title='bbox 1099 1670 1141 1705; x_wconf 89' lang='lat' dir='ltr'>G.</span> <span class='ocrx_word' id='word_1_408' title='bbox 1167 1673 1232 1704; x_wconf 82' lang='lat'>447</span> <span class='ocrx_word' id='word_1_409' title='bbox 1251 1669 1295 1703; x_wconf 91' lang='lat' dir='ltr'>D.</span> <span class='ocrx_word' id='word_1_410' title='bbox 1319 1674 1385 1705; x_wconf 85' lang='lat'>453</span> <span class='ocrx_word' id='word_1_411' title='bbox 1411 1670 1437 1704; x_wconf 87' lang='lat' dir='ltr'>C</span> <span class='ocrx_word' id='word_1_412' title='bbox 1464 1673 1501 1705; x_wconf 77' lang='lat' dir='ltr'>et</span> <span class='ocrx_word' id='word_1_413' title='bbox 1526 1671 1564 1705; x_wconf 92' lang='lat' dir='ltr'>P.</span> 
     </span>
     <span class='ocr_line' id='line_1_81' title="bbox 934 1714 1568 1758; baseline 0.002 -9"><span class='ocrx_word' id='word_1_414' title='bbox 934 1719 998 1749; x_wconf 83' lang='lat'>311</span> <span class='ocrx_word' id='word_1_415' title='bbox 1025 1714 1064 1748; x_wconf 91' lang='lat' dir='ltr'>B.</span> <span class='ocrx_word' id='word_1_416' title='bbox 1090 1717 1155 1748; x_wconf 91' lang='grc'>357</span> <span class='ocrx_word' id='word_1_417' title='bbox 1179 1714 1222 1748; x_wconf 91' lang='lat' dir='ltr'>D.</span> <span class='ocrx_word' id='word_1_418' title='bbox 1249 1734 1291 1738; x_wconf 92' lang='lat'>—-</span> <span class='ocrx_word' id='word_1_419' title='bbox 1316 1715 1476 1758; x_wconf 83' lang='lat' dir='ltr'>positum</span> <span class='ocrx_word' id='word_1_420' title='bbox 1503 1715 1568 1750; x_wconf 90' lang='lat' dir='ltr'>ubi</span> 
     </span>
     <span class='ocr_line' id='line_1_82' title="bbox 933 1758 1565 1804; baseline 0.003 -12"><span class='ocrx_word' id='word_1_421' title='bbox 933 1759 1128 1804; x_wconf 81' lang='lat' dir='ltr'>respicitur</span> <span class='ocrx_word' id='word_1_422' title='bbox 1153 1759 1200 1792; x_wconf 91' lang='lat' dir='ltr'>ad</span> <span class='ocrx_word' id='word_1_423' title='bbox 1226 1760 1420 1803; x_wconf 80' lang='lat' dir='ltr'>superiora</span> <span class='ocrx_word' id='word_1_424' title='bbox 1438 1758 1481 1793; x_wconf 88' lang='lat' dir='ltr'>G.</span> <span class='ocrx_word' id='word_1_425' title='bbox 1500 1763 1565 1794; x_wconf 88' lang='grc'><strong>516</strong></span> 
     </span>
     <span class='ocr_line' id='line_1_83' title="bbox 934 1801 1542 1840; baseline 0.005 -3"><span class='ocrx_word' id='word_1_426' title='bbox 934 1803 977 1838; x_wconf 95' lang='lat' dir='ltr'>D.</span> <span class='ocrx_word' id='word_1_427' title='bbox 1002 1824 1044 1828; x_wconf 90' lang='lat'>—</span> <span class='ocrx_word' id='word_1_428' title='bbox 1071 1803 1175 1838; x_wconf 89' lang='lat' dir='ltr'>verbi</span> <span class='ocrx_word' id='word_1_429' title='bbox 1200 1801 1373 1839; x_wconf 80' lang='grc' dir='ltr'><strong><em>κελεύειν</em></strong></span> <span class='ocrx_word' id='word_1_430' title='bbox 1398 1803 1438 1838; x_wconf 91' lang='grc' dir='ltr'>Ρ.</span> <span class='ocrx_word' id='word_1_431' title='bbox 1465 1809 1542 1840; x_wconf 86' lang='grc'><strong>348.</strong></span> 
     </span>
    </p>

    <p class='ocr_par' dir='ltr' id='par_1_24' title="bbox 887 1848 1566 2028">
     <span class='ocr_line' id='line_1_84' title="bbox 887 1848 1559 1891; baseline 0.001 -9"><span class='ocrx_word' id='word_1_432' title='bbox 887 1848 1192 1883; x_wconf 89' lang='lat' dir='ltr'>Indicativus:</span> <span class='ocrx_word' id='word_1_433' title='bbox 1218 1848 1370 1891; x_wconf 89' lang='lat' dir='ltr'>obliquo</span> <span class='ocrx_word' id='word_1_434' title='bbox 1397 1850 1559 1884; x_wconf 88' lang='lat' dir='ltr'>sermoni</span> 
     </span>
     <span class='ocr_line' id='line_1_85' title="bbox 930 1892 1566 1936; baseline 0.008 -9"><span class='ocrx_word' id='word_1_435' title='bbox 930 1893 1170 1936; x_wconf 76' lang='lat' dir='ltr'>interpositus</span> <span class='ocrx_word' id='word_1_436' title='bbox 1189 1892 1230 1930; x_wconf 91' lang='lat' dir='ltr'>G.</span> <span class='ocrx_word' id='word_1_437' title='bbox 1245 1897 1312 1928; x_wconf 85' lang='grc'>464</span> <span class='ocrx_word' id='word_1_438' title='bbox 1325 1893 1368 1927; x_wconf 94' lang='lat' dir='ltr'>D.</span> <span class='ocrx_word' id='word_1_439' title='bbox 1394 1893 1434 1929; x_wconf 90' lang='lat' dir='ltr'>P.</span> <span class='ocrx_word' id='word_1_440' title='bbox 1449 1899 1514 1930; x_wconf 88' lang='lat'>318</span> <span class='ocrx_word' id='word_1_441' title='bbox 1525 1894 1566 1932; x_wconf 91' lang='lat' dir='ltr'>B.</span> 
     </span>
     <span class='ocr_line' id='line_1_86' title="bbox 932 1938 1565 1982; baseline 0.003 -10"><span class='ocrx_word' id='word_1_442' title='bbox 932 1942 997 1973; x_wconf 86' lang='grc'>320</span> <span class='ocrx_word' id='word_1_443' title='bbox 1016 1939 1056 1972; x_wconf 91' lang='lat' dir='ltr'>D.</span> <span class='ocrx_word' id='word_1_444' title='bbox 1082 1943 1147 1973; x_wconf 83' lang='lat'>339</span> <span class='ocrx_word' id='word_1_445' title='bbox 1165 1938 1204 1975; x_wconf 89' lang='lat' dir='ltr'>E.</span> <span class='ocrx_word' id='word_1_446' title='bbox 1223 1958 1264 1962; x_wconf 90' lang='lat'>—-</span> <span class='ocrx_word' id='word_1_447' title='bbox 1282 1939 1320 1972; x_wconf 86' lang='lat' dir='ltr'>in</span> <span class='ocrx_word' id='word_1_448' title='bbox 1339 1938 1493 1982; x_wconf 85' lang='lat' dir='ltr'>hypoth.</span> <span class='ocrx_word' id='word_1_449' title='bbox 1511 1950 1565 1974; x_wconf 88' lang='lat' dir='ltr'>se—</span> 
     </span>
     <span class='ocr_line' id='line_1_87' title="bbox 933 1982 1488 2028; baseline 0.002 -11"><span class='ocrx_word' id='word_1_450' title='bbox 933 1985 1069 2026; x_wconf 80' lang='lat' dir='ltr'>quente</span> <span class='ocrx_word' id='word_1_451' title='bbox 1095 1983 1262 2028; x_wconf 86' lang='lat' dir='ltr'>optativo</span> <span class='ocrx_word' id='word_1_452' title='bbox 1290 1982 1333 2018; x_wconf 88' lang='lat' dir='ltr'>G.</span> <span class='ocrx_word' id='word_1_453' title='bbox 1358 1988 1423 2018; x_wconf 82' lang='grc'>452</span> <span class='ocrx_word' id='word_1_454' title='bbox 1449 1984 1488 2018; x_wconf 89' lang='grc' dir='ltr'>Β.</span> 
     </span>
    </p>

    <p class='ocr_par' dir='ltr' id='par_1_25' title="bbox 887 2027 1567 2927">
     <span class='ocr_line' id='line_1_88' title="bbox 887 2027 1565 2072; baseline 0.003 -10"><span class='ocrx_word' id='word_1_455' title='bbox 887 2027 1178 2063; x_wconf 76' lang='lat' dir='ltr'>Infinitivus:</span> <span class='ocrx_word' id='word_1_456' title='bbox 1206 2039 1251 2063; x_wconf 81' lang='lat' dir='ltr'>ex</span> <span class='ocrx_word' id='word_1_457' title='bbox 1275 2029 1490 2072; x_wconf 82' lang='lat' dir='ltr'>parenthesi</span> <span class='ocrx_word' id='word_1_458' title='bbox 1516 2028 1565 2069; x_wconf 83' lang='grc' dir='ltr'>ὡς</span> 
     </span>
     <span class='ocr_line' id='line_1_89' title="bbox 933 2071 1565 2118; baseline 0.002 -10"><span class='ocrx_word' id='word_1_459' title='bbox 933 2071 1100 2117; x_wconf 76' lang='grc' dir='ltr'><em>ἐμαυτὸν</em></span> <span class='ocrx_word' id='word_1_460' title='bbox 1131 2074 1259 2108; x_wconf 79' lang='grc' dir='ltr'><em>πείθω</em></span> <span class='ocrx_word' id='word_1_461' title='bbox 1290 2084 1490 2118; x_wconf 82' lang='lat' dir='ltr'>suspensus</span> <span class='ocrx_word' id='word_1_462' title='bbox 1521 2074 1565 2109; x_wconf 86' lang='lat' dir='ltr'>G.</span> 
     </span>
     <span class='ocr_line' id='line_1_90' title="bbox 932 2118 1566 2163; baseline 0.002 -10"><span class='ocrx_word' id='word_1_463' title='bbox 932 2122 998 2153; x_wconf 87' lang='lat'>453</span> <span class='ocrx_word' id='word_1_464' title='bbox 1024 2122 1063 2152; x_wconf 81' lang='lat' dir='ltr'>A.</span> <span class='ocrx_word' id='word_1_465' title='bbox 1090 2138 1132 2143; x_wconf 86' lang='lat'>——</span> <span class='ocrx_word' id='word_1_466' title='bbox 1158 2128 1233 2160; x_wconf 81' lang='lat' dir='ltr'>qua</span> <span class='ocrx_word' id='word_1_467' title='bbox 1256 2118 1339 2162; x_wconf 88' lang='lat' dir='ltr'>lege</span> <span class='ocrx_word' id='word_1_468' title='bbox 1367 2130 1410 2153; x_wconf 83' lang='lat' dir='ltr'>ex</span> <span class='ocrx_word' id='word_1_469' title='bbox 1434 2130 1566 2163; x_wconf 85' lang='lat' dir='ltr'>paren-</span> 
     </span>
     <span class='ocr_line' id='line_1_91' title="bbox 932 2161 1567 2208; baseline 0.003 -11"><span class='ocrx_word' id='word_1_470' title='bbox 932 2162 1212 2208; x_wconf 76' lang='lat' dir='ltr'>thesi-pendeat</span> <span class='ocrx_word' id='word_1_471' title='bbox 1229 2161 1272 2198; x_wconf 88' lang='lat' dir='ltr'>G.</span> <span class='ocrx_word' id='word_1_472' title='bbox 1289 2167 1354 2198; x_wconf 88' lang='grc'>482</span> <span class='ocrx_word' id='word_1_473' title='bbox 1374 2163 1415 2198; x_wconf 91' lang='lat' dir='ltr'>D.</span> <span class='ocrx_word' id='word_1_474' title='bbox 1439 2185 1479 2189; x_wconf 97' lang='lat'><strong>—</strong></span> <span class='ocrx_word' id='word_1_475' title='bbox 1497 2175 1567 2208; x_wconf 89' lang='lat' dir='ltr'>per</span> 
     </span>
     <span class='ocr_line' id='line_1_92' title="bbox 933 2207 1564 2253; baseline 0.005 -11"><span class='ocrx_word' id='word_1_476' title='bbox 933 2207 1160 2252; x_wconf 86' lang='lat' dir='ltr'>epexegesin</span> <span class='ocrx_word' id='word_1_477' title='bbox 1183 2209 1325 2252; x_wconf 79' lang='lat' dir='ltr'>positus</span> <span class='ocrx_word' id='word_1_478' title='bbox 1351 2209 1436 2253; x_wconf 75' lang='lat' dir='ltr'>post</span> <span class='ocrx_word' id='word_1_479' title='bbox 1454 2211 1564 2245; x_wconf 83' lang='grc' dir='ltr'><em>τοῦτο</em></span> 
     </span>
     <span class='ocr_line' id='line_1_93' title="bbox 934 2251 1564 2292; baseline 0.006 -6"><span class='ocrx_word' id='word_1_480' title='bbox 934 2251 976 2287; x_wconf 87' lang='lat' dir='ltr'>G.</span> <span class='ocrx_word' id='word_1_481' title='bbox 1002 2257 1067 2288; x_wconf 87' lang='grc'>469</span> <span class='ocrx_word' id='word_1_482' title='bbox 1093 2252 1132 2288; x_wconf 85' lang='lat' dir='ltr'>C.</span> <span class='ocrx_word' id='word_1_483' title='bbox 1160 2252 1199 2289; x_wconf 88' lang='lat' dir='ltr'>P.</span> <span class='ocrx_word' id='word_1_484' title='bbox 1227 2257 1292 2287; x_wconf 81' lang='lat'>343</span> <span class='ocrx_word' id='word_1_485' title='bbox 1311 2252 1348 2288; x_wconf 87' lang='lat' dir='ltr'>C.</span> <span class='ocrx_word' id='word_1_486' title='bbox 1373 2258 1439 2289; x_wconf 74' lang='lat'>345</span> <span class='ocrx_word' id='word_1_487' title='bbox 1459 2257 1498 2292; x_wconf 86' lang='lat' dir='ltr'>A.</span> <span class='ocrx_word' id='word_1_488' title='bbox 1517 2255 1564 2290; x_wconf 81' lang='lat' dir='ltr'>al.</span> 
     </span>
     <span class='ocr_line' id='line_1_94' title="bbox 933 2295 1561 2343; baseline 0 -10"><span class='ocrx_word' id='word_1_489' title='bbox 933 2319 976 2323; x_wconf 97' lang='lat'><strong>—</strong></span> <span class='ocrx_word' id='word_1_490' title='bbox 1001 2299 1088 2343; x_wconf 72' lang='lat' dir='ltr'>post:</span> <span class='ocrx_word' id='word_1_491' title='bbox 1117 2295 1276 2342; x_wconf 82' lang='grc' dir='ltr'><strong><em>τοιαύτη</em></strong></span> <span class='ocrx_word' id='word_1_492' title='bbox 1308 2311 1363 2337; x_wconf 81' lang='grc' dir='ltr'>τις</span> <span class='ocrx_word' id='word_1_493' title='bbox 1398 2297 1499 2334; x_wconf 83' lang='grc' dir='ltr'><em>εἶναι</em></span> <span class='ocrx_word' id='word_1_494' title='bbox 1524 2300 1561 2333; x_wconf 91' lang='lat' dir='ltr'>in</span> 
     </span>
     <span class='ocr_line' id='line_1_95' title="bbox 933 2342 1563 2388; baseline 0 -10"><span class='ocrx_word' id='word_1_495' title='bbox 933 2343 1134 2388; x_wconf 84' lang='lat' dir='ltr'>epexegesi</span> <span class='ocrx_word' id='word_1_496' title='bbox 1157 2342 1300 2388; x_wconf 83' lang='lat' dir='ltr'>positus</span> <span class='ocrx_word' id='word_1_497' title='bbox 1319 2343 1361 2381; x_wconf 90' lang='lat' dir='ltr'>G.</span> <span class='ocrx_word' id='word_1_498' title='bbox 1379 2348 1442 2380; x_wconf 89' lang='lat'>501</span> <span class='ocrx_word' id='word_1_499' title='bbox 1464 2344 1503 2382; x_wconf 85' lang='grc' dir='ltr'>Ε,</span> <span class='ocrx_word' id='word_1_500' title='bbox 1523 2364 1563 2369; x_wconf 84' lang='lat'>—-</span> 
     </span>
     <span class='ocr_line' id='line_1_96' title="bbox 930 2387 1564 2434; baseline -0.002 -11"><span class='ocrx_word' id='word_1_501' title='bbox 930 2389 1008 2424; x_wconf 88' lang='lat' dir='ltr'>sine</span> <span class='ocrx_word' id='word_1_502' title='bbox 1027 2388 1183 2423; x_wconf 84' lang='lat' dir='ltr'>articulo</span> <span class='ocrx_word' id='word_1_503' title='bbox 1196 2387 1234 2422; x_wconf 92' lang='lat' dir='ltr'>in</span> <span class='ocrx_word' id='word_1_504' title='bbox 1249 2389 1447 2434; x_wconf 85' lang='lat' dir='ltr'>epexegesi</span> <span class='ocrx_word' id='word_1_505' title='bbox 1463 2400 1564 2423; x_wconf 90' lang='lat' dir='ltr'>usur-</span> 
     </span>
     <span class='ocr_line' id='line_1_97' title="bbox 929 2432 1560 2478; baseline 0 -10"><span class='ocrx_word' id='word_1_506' title='bbox 929 2436 1038 2478; x_wconf 80' lang='lat' dir='ltr'>patus</span> <span class='ocrx_word' id='word_1_507' title='bbox 1063 2432 1105 2468; x_wconf 90' lang='lat' dir='ltr'>G.</span> <span class='ocrx_word' id='word_1_508' title='bbox 1132 2437 1197 2468; x_wconf 87' lang='grc'>467</span> <span class='ocrx_word' id='word_1_509' title='bbox 1223 2432 1267 2468; x_wconf 93' lang='lat' dir='ltr'>D.</span> <span class='ocrx_word' id='word_1_510' title='bbox 1294 2437 1359 2469; x_wconf 82' lang='lat'>469</span> <span class='ocrx_word' id='word_1_511' title='bbox 1385 2433 1411 2468; x_wconf 88' lang='lat' dir='ltr'>C</span> <span class='ocrx_word' id='word_1_512' title='bbox 1437 2435 1475 2469; x_wconf 78' lang='lat' dir='ltr'>et</span> <span class='ocrx_word' id='word_1_513' title='bbox 1498 2438 1560 2468; x_wconf 83' lang='grc'><strong>491</strong></span> 
     </span>
     <span class='ocr_line' id='line_1_98' title="bbox 930 2478 1562 2523; baseline -0.002 -10"><span class='ocrx_word' id='word_1_514' title='bbox 930 2479 973 2513; x_wconf 94' lang='lat' dir='ltr'>D.</span> <span class='ocrx_word' id='word_1_515' title='bbox 987 2498 1028 2502; x_wconf 89' lang='lat'>—</span> <span class='ocrx_word' id='word_1_516' title='bbox 1045 2480 1128 2523; x_wconf 85' lang='lat' dir='ltr'>post</span> <span class='ocrx_word' id='word_1_517' title='bbox 1144 2488 1347 2523; x_wconf 90' lang='lat' dir='ltr'>pronomen</span> <span class='ocrx_word' id='word_1_518' title='bbox 1365 2478 1562 2513; x_wconf 81' lang='lat' dir='ltr'>relativum</span> 
     </span>
     <span class='ocr_line' id='line_1_99' title="bbox 930 2523 1563 2568; baseline -0.002 -9"><span class='ocrx_word' id='word_1_519' title='bbox 930 2523 1149 2568; x_wconf 84' lang='lat' dir='ltr'>epexegesis</span> <span class='ocrx_word' id='word_1_520' title='bbox 1164 2534 1275 2558; x_wconf 85' lang='lat' dir='ltr'>eausa</span> <span class='ocrx_word' id='word_1_521' title='bbox 1288 2524 1429 2567; x_wconf 74' lang='lat' dir='ltr'>positus</span> <span class='ocrx_word' id='word_1_522' title='bbox 1442 2523 1481 2557; x_wconf 93' lang='lat' dir='ltr'>P.</span> <span class='ocrx_word' id='word_1_523' title='bbox 1498 2528 1563 2558; x_wconf 82' lang='grc'>323</span> 
     </span>
     <span class='ocr_line' id='line_1_100' title="bbox 929 2567 1563 2612; baseline 0 -9"><span class='ocrx_word' id='word_1_524' title='bbox 929 2569 969 2605; x_wconf 88' lang='grc' dir='ltr'>Β.</span> <span class='ocrx_word' id='word_1_525' title='bbox 1004 2589 1043 2593; x_wconf 92' lang='lat'>-—</span> <span class='ocrx_word' id='word_1_526' title='bbox 1078 2569 1150 2603; x_wconf 84' lang='lat' dir='ltr'>alio</span> <span class='ocrx_word' id='word_1_527' title='bbox 1181 2567 1292 2603; x_wconf 90' lang='lat' dir='ltr'>modo</span> <span class='ocrx_word' id='word_1_528' title='bbox 1323 2570 1408 2612; x_wconf 78' lang='lat' dir='ltr'>post</span> <span class='ocrx_word' id='word_1_529' title='bbox 1437 2569 1563 2603; x_wconf 82' lang='lat' dir='ltr'>relati-</span> 
     </span>
     <span class='ocr_line' id='line_1_101' title="bbox 930 2613 1562 2658; baseline 0.003 -11"><span class='ocrx_word' id='word_1_530' title='bbox 930 2625 1016 2647; x_wconf 89' lang='lat' dir='ltr'>vum</span> <span class='ocrx_word' id='word_1_531' title='bbox 1033 2613 1159 2647; x_wconf 86' lang='lat' dir='ltr'>illatus</span> <span class='ocrx_word' id='word_1_532' title='bbox 1176 2613 1216 2647; x_wconf 88' lang='lat' dir='ltr'>G.</span> <span class='ocrx_word' id='word_1_533' title='bbox 1237 2616 1301 2647; x_wconf 89' lang='grc'>517</span> <span class='ocrx_word' id='word_1_534' title='bbox 1315 2613 1358 2647; x_wconf 91' lang='lat' dir='ltr'>D.</span> <span class='ocrx_word' id='word_1_535' title='bbox 1376 2633 1417 2638; x_wconf 90' lang='lat'>—-</span> <span class='ocrx_word' id='word_1_536' title='bbox 1436 2614 1562 2658; x_wconf 85' lang='lat' dir='ltr'>verbo,</span> 
     </span>
     <span class='ocr_line' id='line_1_102' title="bbox 929 2658 1562 2703; baseline 0.002 -10"><span class='ocrx_word' id='word_1_537' title='bbox 929 2669 1013 2693; x_wconf 82' lang='lat' dir='ltr'>cum</span> <span class='ocrx_word' id='word_1_538' title='bbox 1054 2658 1270 2703; x_wconf 79' lang='lat' dir='ltr'>praedicato</span> <span class='ocrx_word' id='word_1_539' title='bbox 1310 2658 1454 2700; x_wconf 80' lang='lat' dir='ltr'>iuncto,</span> <span class='ocrx_word' id='word_1_540' title='bbox 1495 2670 1562 2702; x_wconf 90' lang='lat' dir='ltr'>per</span> 
     </span>
     <span class='ocr_line' id='line_1_103' title="bbox 930 2703 1560 2748; baseline 0.002 -10"><span class='ocrx_word' id='word_1_541' title='bbox 930 2704 1152 2748; x_wconf 83' lang='lat' dir='ltr'>epexegesin</span> <span class='ocrx_word' id='word_1_542' title='bbox 1178 2703 1365 2738; x_wconf 82' lang='lat' dir='ltr'>subiectus</span> <span class='ocrx_word' id='word_1_543' title='bbox 1384 2703 1425 2738; x_wconf 90' lang='lat' dir='ltr'>G.</span> <span class='ocrx_word' id='word_1_544' title='bbox 1442 2707 1508 2738; x_wconf 88' lang='grc'>462</span> <span class='ocrx_word' id='word_1_545' title='bbox 1523 2705 1560 2742; x_wconf 86' lang='lat' dir='ltr'>C.</span> 
     </span>
     <span class='ocr_line' id='line_1_104' title="bbox 929 2749 1561 2793; baseline 0.006 -12"><span class='ocrx_word' id='word_1_546' title='bbox 929 2751 1001 2774; x_wconf 84' lang='lat'>—&#39;</span> <span class='ocrx_word' id='word_1_547' title='bbox 1032 2758 1072 2782; x_wconf 90' lang='lat' dir='ltr'>ro</span> <span class='ocrx_word' id='word_1_548' title='bbox 1112 2749 1334 2793; x_wconf 79' lang='lat' dir='ltr'>imperativo</span> <span class='ocrx_word' id='word_1_549' title='bbox 1364 2749 1485 2783; x_wconf 87' lang='lat' dir='ltr'>dictus</span> <span class='ocrx_word' id='word_1_550' title='bbox 1519 2750 1561 2786; x_wconf 87' lang='lat' dir='ltr'>G.</span> 
     </span>
     <span class='ocr_line' id='line_1_105' title="bbox 930 2793 1560 2830; baseline 0 -2"><span class='ocrx_word' id='word_1_551' title='bbox 930 2797 995 2828; x_wconf 83' lang='lat'>447</span> <span class='ocrx_word' id='word_1_552' title='bbox 1042 2824 1048 2830; x_wconf 87' lang='lat'>.</span> <span class='ocrx_word' id='word_1_553' title='bbox 1077 2814 1116 2818; x_wconf 95' lang='lat'><strong>—</strong></span> <span class='ocrx_word' id='word_1_554' title='bbox 1142 2795 1219 2828; x_wconf 85' lang='lat' dir='ltr'>sine</span> <span class='ocrx_word' id='word_1_555' title='bbox 1245 2793 1401 2828; x_wconf 81' lang='lat' dir='ltr'>articulo</span> <span class='ocrx_word' id='word_1_556' title='bbox 1427 2793 1462 2828; x_wconf 90' lang='lat' dir='ltr'>in</span> <span class='ocrx_word' id='word_1_557' title='bbox 1489 2796 1560 2828; x_wconf 83' lang='lat' dir='ltr'>for-</span> 
     </span>
     <span class='ocr_line' id='line_1_106' title="bbox 930 2836 1560 2879; baseline 0.002 -7"><span class='ocrx_word' id='word_1_558' title='bbox 930 2837 1039 2872; x_wconf 87' lang='lat' dir='ltr'>mulis</span> <span class='ocrx_word' id='word_1_559' title='bbox 1063 2836 1160 2873; x_wconf 76' lang='grc' dir='ltr'><strong><em>κατὰ</em></strong></span> <span class='ocrx_word' id='word_1_560' title='bbox 1186 2839 1298 2874; x_wconf 82' lang='grc' dir='ltr'><strong><em>τοῦτο</em></strong></span> <span class='ocrx_word' id='word_1_561' title='bbox 1325 2836 1435 2879; x_wconf 83' lang='grc' dir='ltr'><em>εἶναι,</em></span> <span class='ocrx_word' id='word_1_562' title='bbox 1462 2838 1560 2873; x_wconf 75' lang='grc' dir='ltr'><strong><em>κατὰ</em></strong></span> 
     </span>
     <span class='ocr_line' id='line_1_107' title="bbox 931 2881 1559 2927; baseline 0 -9"><span class='ocrx_word' id='word_1_563' title='bbox 931 2883 1100 2927; x_wconf 80' lang='grc' dir='ltr'><strong><em>δύναμιν</em></strong></span> <span class='ocrx_word' id='word_1_564' title='bbox 1138 2881 1239 2918; x_wconf 79' lang='grc' dir='ltr'><em>εἶναι</em></span> <span class='ocrx_word' id='word_1_565' title='bbox 1277 2883 1317 2921; x_wconf 82' lang='grc' dir='ltr'>Ρ,</span> <span class='ocrx_word' id='word_1_566' title='bbox 1352 2888 1415 2919; x_wconf 88' lang='grc'>317</span> <span class='ocrx_word' id='word_1_567' title='bbox 1443 2885 1484 2918; x_wconf 87' lang='lat' dir='ltr'>A.</span> <span class='ocrx_word' id='word_1_568' title='bbox 1517 2904 1559 2908; x_wconf 89' lang='lat'>—</span> 
     </span>
    </p>
   </div>
  </div>
 </body>
</html>
