1939 3214
354 128 406 169 10
872 126 1240 161 PROLEGOMENA

353 227 537 282 phistica
566 226 832 269 versaretur?
882 227 951 267 Ad
980 227 1124 281 priora
1155 227 1401 268 adolescens
1431 228 1534 268 satis
1564 227 1776 269 confiden-

352 289 417 325 ter
446 283 738 337 responderat,
771 282 823 323 ad
852 284 951 336 hoc,
984 283 1096 336 quod
1124 282 1295 337 diceret,
1330 296 1417 323 non
1444 282 1528 324 iam
1556 283 1775 327 habuerat.

354 340 493 388 Quum
524 339 721 380 Socrates
753 353 801 380 eo
833 339 1134 392 disputationis
1166 339 1258 380 loco
1288 338 1579 380 doctrinarum
1601 340 1775 381 artium-

355 410 436 450 que
471 398 709 436 mercatura
749 409 845 436 cum
877 395 1187 436 esculentorum
1225 398 1267 436 et
1308 394 1627 449 potulentorum
1664 409 1776 437 com·

352 454 500 505 parata
549 451 761 492 docuisset
814 451 948 492 maius
999 451 1044 492 in
1098 451 1171 492 illa
1218 451 1419 492 damnum
1465 451 1517 491 ab
1562 451 1770 505 imperitis

354 508 490 561 accipi
540 521 684 560 posse,
736 509 827 547 tum
880 521 967 547 una
1021 521 1115 547 cum
1159 506 1422 561 Hippocrate
1476 507 1528 547 ad
1585 505 1777 561 Calliam,

355 563 590 617 Hipponici
621 562 766 612 filium,
799 563 872 603 ubi
893 562 1147 617 Protagoras
1177 563 1489 616 deversabatur,
1519 565 1776 616 perrexerat.

464 674 654 729 Ingressi
669 673 829 716 Calliae
851 673 1021 715 domum
1043 674 1433 728 splendidissimum
1454 674 1600 715 vident
1622 674 1778 716 civium

356 733 398 772 et
427 731 749 785 peregrinorum
782 732 1051 772 conventum.
1100 730 1384 784 Conspiciunt
1405 731 1685 785 Protagoram
1715 731 1778 772 in-

351 787 471 841 genti
513 789 698 828 cinctum
737 786 976 827 auditorum
1016 800 1173 828 corona
1213 790 1255 827 et
1293 788 1406 828 inter
1436 801 1650 828 sermones
1682 800 1778 827 cum

352 844 404 883 iis
435 843 624 898 graviter
655 843 1009 884 deambulantem.
1061 842 1340 896 Conspiciunt
1370 843 1416 883 in
1447 843 1660 884 contraria
1682 856 1779 896 por-

352 899 441 940 ticu
471 898 677 953 Hippiam
708 899 859 940 Eleum
897 900 941 939 in
984 898 1090 939 solio
1130 899 1347 940 sedentem
1385 902 1429 940 et
1460 913 1603 940 coram
1633 898 1779 940 multis

354 955 713 997 declamitantem.
756 954 1039 1008 Conspiciunt
1060 956 1240 1009 denique
1259 957 1388 996 etiam
1403 955 1630 996 Prodicum
1648 954 1780 997 Ceum

354 1011 542 1051 molliter
582 1012 626 1052 in
658 1011 811 1052 lectulo
843 1011 1186 1064 decumbentem,
1226 1013 1327 1052 item
1360 1025 1517 1065 magna
1549 1011 1780 1052 circumda-

351 1069 442 1107 tum
483 1067 718 1108 amicorum
758 1070 800 1108 et
831 1067 1104 1108 familiarium
1136 1070 1314 1108 caterva.
1374 1066 1454 1107 His
1485 1067 1606 1120 quasi
1638 1066 1780 1108 obstu-

352 1123 509 1177 pefacti
560 1123 867 1178 aliquantisper
911 1127 1152 1177 morantur-3
1197 1124 1371 1164 tandem
1409 1122 1462 1163 ad
1499 1122 1780 1177 Protagoram

354 1179 556 1220 accedere
590 1180 867 1220 constituunt.
927 1179 974 1220 P.
998 1180 1081 1220 314
1101 1179 1138 1220 E
1155 1204 1206 1209 —
1228 1179 1308 1221 316
1329 1180 1382 1223 A.

469 1236 710 1289 Compellat
749 1250 843 1276 eum
875 1235 1071 1277 Socrates
1106 1236 1188 1289 ita,
1226 1238 1274 1276 ut
1305 1239 1405 1276 ante
1435 1235 1578 1276 omnia
1610 1248 1782 1276 causam

357 1292 548 1345 aperiat,
583 1306 656 1332 cur
686 1291 770 1332 huc
800 1292 1010 1345 venerint,
1044 1292 1195 1332 deinde
1225 1291 1532 1345 Hippocratem
1562 1297 1782 1345 tamquam

357 1349 554 1388 iuvenem
595 1349 637 1388 et
666 1362 875 1403 generosa
905 1348 1045 1388 indole
1075 1348 1315 1401 praeditum
1346 1350 1388 1388 et
1417 1347 1554 1388 nobili
1584 1347 1676 1388 loeo
1706 1361 1781 1388 na-

352 1407 445 1444 tum
486 1404 765 1446 commendet.
829 1404 988 1457 Optare
1028 1406 1168 1444 autem
1207 1418 1297 1445 sese
1336 1404 1417 1456 ait,
1456 1405 1504 1444 ut
1545 1403 1626 1444 sibi
1656 1403 1782 1444 liceat

354 1459 587 1514 paullisper
619 1474 714 1501 cum
746 1460 839 1514 ipso
873 1460 923 1500 de
954 1459 1235 1501 adolescentis
1266 1460 1551 1511 institutione,
1583 1473 1665 1513 qua
1685 1473 1781 1500 usu—

352 1531 425 1557 rus
457 1516 525 1569 sit,
559 1515 754 1570 colloqui.
814 1516 1071 1570 Protagoras
1103 1531 1153 1557 ex
1185 1530 1233 1557 eo
1264 1516 1443 1570 quaerit,
1476 1516 1576 1557 idne
1606 1514 1782 1556 remotis

352 1572 523 1612 arbitris
562 1572 653 1613 fieri
685 1572 809 1621 velit,
850 1587 904 1613 an
934 1573 1014 1625 ita,
1054 1575 1102 1613 ut
1134 1572 1262 1613 ceteri
1293 1572 1480 1613 audiant.
1540 1571 1677 1620 Quum
1709 1571 1783 1613 So-

352 1630 488 1669 crates
529 1628 641 1669 nihil
679 1643 754 1670 sua
792 1628 998 1669 interesse
1038 1629 1173 1682 dicat,
1213 1630 1307 1669 utro
1346 1627 1471 1669 modo
1504 1627 1781 1681 colloquatur,

353 1684 543 1738 sophista
587 1687 720 1725 artem
767 1699 885 1725 suam
925 1687 1129 1738 tanquam
1171 1684 1510 1738 antiquissimam
1548 1683 1780 1737 praedicat,

352 1743 502 1794 utpote
533 1741 617 1780 iam
648 1740 700 1781 ab
730 1739 938 1794 Homero,
970 1740 1174 1793 Hesiodo,
1207 1739 1436 1790 Simonide,
1470 1739 1654 1793 Orpheo,
1686 1739 1782 1780 aliis

353 1796 616 1850 factitatam3
656 1797 727 1837 sed
767 1811 843 1850 per
882 1797 1105 1837 hominum
1142 1796 1367 1846 invidiam,
1407 1810 1535 1849 quam
1566 1796 1782 1849 sophistae

356 1867 577 1906 nunquam
617 1867 706 1893 non
738 1853 901 1906 experti
932 1853 1041 1906 sint,
1082 1853 1241 1893 factum
1273 1866 1363 1893 esse
1397 1852 1694 1906 conqueritur,
1734 1853 1783 1892 ut
1829 1901 1840 1910 -

355 1908 578 1949 clarissimi
599 1908 662 1949 illi
684 1908 765 1949 viri
786 1909 1091 1962 professionem
1115 1908 1364 1961 disciplinae
1387 1907 1655 1962 sophisticae,
1688 1907 1782 1948 aliis

355 1965 601 2005 nominibus
632 1965 899 2019 insignitam,
932 1964 1118 2005 studiose
1150 1964 1476 2005 occultaverint:
1507 1963 1636 2018 longe
1658 1963 1783 2004 aliter

354 2024 499 2061 tamen
531 2034 621 2061 sese
646 2020 784 2061 facere
807 2022 954 2074 solere,
986 2023 1034 2062 ut
1055 2021 1127 2074 qui
1148 2021 1327 2061 aliorum
1348 2019 1554 2061 invidiam
1576 2023 1618 2061 et
1638 2019 1782 2060 odium

354 2076 463 2117 nihil
504 2077 660 2118 veritus
692 2090 735 2117 se
768 2076 1004 2130 sophistam
1034 2077 1165 2118 libere
1195 2077 1383 2130 profiteri
1414 2090 1633 2130 nunquam
1664 2076 1783 2116 dubi-

357 2132 521 2173 taverit.
583 2132 734 2186 Itaque
771 2132 880 2173 nihil
917 2134 976 2173 ait
1015 2133 1204 2183 obstare,
1249 2147 1331 2186 quo
1362 2132 1502 2173 minus
1534 2132 1584 2173 de
1615 2131 1780 2186 Hippo-

358 2189 484 2229 cratis
523 2189 793 2229 institutione
833 2196 973 2230 coram
1014 2189 1210 2230 omnibus
1248 2189 1506 2243 colloquium
1536 2189 1780 2229 instituant.

352 2244 398 2286 P.
421 2244 503 2286 316
526 2247 563 2285 A
581 2269 629 2274 ——
648 2245 729 2286 317
754 2244 797 2286 C.

469 2300 607 2342 Callia
646 2303 818 2342 auctore
858 2301 903 2341 in
942 2315 990 2341 ea
1032 2301 1198 2342 aedium
1228 2303 1370 2355 parte,
1411 2301 1455 2341 in
1485 2314 1567 2353 qua
1596 2299 1780 2354 Hippias

357 2371 452 2397 cum
485 2357 570 2397 suis
602 2361 809 2409 versatur,
842 2357 891 2397 fit
923 2371 1155 2410 consessus,
1189 2358 1240 2398 ad
1272 2371 1395 2411 quem
1426 2356 1553 2397 etiam
1574 2356 1779 2398 Prodicus

356 2428 381 2454 a
421 2412 558 2454 Callia
604 2415 646 2453 et
683 2413 904 2454 Alcibiade
950 2414 1191 2457 arcessitur.
1252 2413 1427 2455 Orditur
1463 2412 1549 2452 iam
1585 2411 1780 2454 Socrates

361 2483 602 2509 sermonem
633 2470 705 2522 ita,
736 2471 781 2509 ut
815 2484 865 2510 ex
885 2469 1122 2525 Protagora
1143 2471 1328 2524 quaerat,
1361 2468 1561 2522 quidnam
1582 2468 1780 2510 utilitatis

354 2524 611 2579 Hippocrati
644 2525 732 2565 eius
764 2525 1024 2566 consuetudo
1055 2540 1103 2567 ac
1134 2525 1359 2579 disciplina
1380 2525 1561 2565 allatura
1580 2525 1646 2565 sit.
1697 2524 1779 2565 Re-

356 2581 541 2635 spondet
572 2581 761 2635 sophista
789 2595 947 2635 magna
977 2596 1072 2623 cum
1103 2582 1168 2622 sui
1198 2581 1400 2622 iactantia
1431 2594 1526 2621 eum
1555 2581 1637 2622 hoc
1667 2594 1779 2621 com-

356 2637 475 2678 modi
507 2637 605 2678 inde
635 2640 954 2691 percepturum,
993 2641 1040 2678 ut
1071 2637 1257 2692 quotidie
1288 2637 1437 2677 melior
1468 2650 1517 2677 ac
1547 2636 1780 2690 sapientior

359 2693 522 2733 evadat.
582 2693 714 2734 Porro
746 2695 887 2734 autem
917 2693 1197 2749 interroganti
1229 2692 1406 2747 Socrati,
1443 2707 1627 2747 quanam
1659 2693 1703 2732 in
1733 2707 1779 2734 re

357 2751 400 2790 et
431 2748 483 2789 ad
515 2748 615 2803 quid
645 2749 795 2790 melior
825 2750 880 2790 sit
910 2764 1133 2803 evasurus,
1171 2763 1263 2790 cum
1296 2749 1477 2803 superba
1507 2749 1684 2790 aliorum
1716 2762 1779 2790 so-

352 2803 592 2858 phistarum
638 2806 966 2860 comtemptione
1012 2821 1099 2848 non
1140 2819 1235 2846 eum
1282 2805 1343 2846 ait
1388 2806 1433 2846 in
1473 2804 1776 2859 arithmeticae,
