1939 3214
373 111 427 153 48
959 113 1199 150 PLATONIS

372 212 473 268 ἐγώ,
514 208 550 256 ai
581 212 888 268 Ἱππόκρατες,
936 216 1056 270 παρὰ
1092 216 1403 271 Πρωταγόραν
1438 221 1524 260 νῦν
1563 220 1792 275 ἐπιχειρεῖς

372 280 485 323 ἰέναι
523 279 735 337 ἀργύριον
771 285 914 324 τελῶν
952 281 1109 339 ἐκείνῳ
1149 282 1315 338 μισθὸν
1346 281 1459 339 ὑπὲρ
1492 290 1698 342 σεαυτοῦ,
1731 285 1791 337 ὥς
1816 298 1856 318 uf

320 365 323 367 >
371 347 492 401 παρὰ
521 351 621 390 τίνα
661 347 929 404 ἀφιξόμενος
966 349 1040 391 καὶ
1076 352 1141 401 τίς
1179 353 1498 407 γενησόμενος;
1538 352 1688 408 ὥσπερ
1732 351 1789 396 ἄν

372 416 412 456 εἰ
441 415 640 466 ἐπενόεις
670 415 781 472 παρὰ
801 415 881 459 τὸν
903 419 1073 459 σαυτοῦ
1097 415 1337 473 ὁμώνυμον
1359 417 1506 461 ἐλθών
1530 418 1788 478 Ἱπποκράτη

371 481 446 524 τὸν
466 485 609 539 Κῷον,
642 484 723 526 τὸν
753 487 845 525 τῶν
873 483 1224 539 Ἀσκληπιαδῶν,
1257 486 1477 542 ἀργύριον
1507 490 1652 530 τελεῖν
1673 488 1786 543 ὑπὲρ
1811 509 1827 535 5

315 551 342 586 C
369 552 541 592 σαυτοῦ
576 550 744 606 μισθὸν
776 552 948 608 ἐκείνῳ,
983 555 1026 593 εἴ
1050 554 1115 603 τίς
1145 564 1195 595 σε
1225 552 1376 609 ἤρετο·
1415 555 1531 597 Εἰπέ
1557 571 1651 610 μοι,
1683 558 1789 611 μέλ-

370 619 460 666 λεις
495 621 664 673 τελεῖν,
697 611 730 660 ὦ
760 616 1069 674 Ἱππόκρατες,
1102 618 1384 677 Ἱπποκράτει
1414 621 1581 677 μισθὸν
1612 621 1671 673 ὥς
1700 626 1788 667 τίνι

368 682 484 734 ὄντι;
524 688 570 727 τί
604 683 660 728 ἂν
698 685 949 742 ἅπεκρίνω;
987 684 1133 730 Εἶπον
1172 687 1253 744 ἄν,
1291 692 1399 746 ἔφη,
1441 689 1507 732 ὅτι
1543 687 1602 740 ὦς
1640 692 1787 746 ἰατρῷ.

360 748 435 801 Ὡς
465 754 526 803 τίς
554 755 871 809 γενησόμενος,·
896 753 971 804 Ὡς
1002 755 1167 810 ἰατρός,
1200 758 1299 812 ἔφη,
1346 759 1404 800 Εἰ
1424 758 1471 799 δὲ
1493 756 1614 813 παρὰ
1634 758 1788 800 Πολύ-

366 823 543 863 κλειτον
581 820 660 864 τὸν
693 820 895 876 Ἀργεῖον
930 823 959 877 ἢ
992 824 1177 866 Φειδίαν
1208 823 1287 866 τὸν
1312 823 1553 878 Ἀθηναῖον
1585 824 1785 876 ἐπενόεις
1802 845 1834 870 10

364 887 638 944 ἀφικόμενος
667 888 835 943 μισθὸν
873 888 987 946 ὑπὲρ
1020 895 1190 934 σαυτοῦ
1221 895 1366 934 τελεῖν
1398 893 1607 947 ἐκείνοις,
1650 897 1691 935 εἴ
1724 896 1789 944 τίς

365 966 415 996 σε
442 955 592 1010 ἤρετο·
634 960 787 999 Τελεῖν
817 961 947 1000 τοῦτο
978 957 1027 1002 τὸ
1059 957 1279 1015 ἀργύριον
1310 958 1367 1009 ὡς
1396 962 1483 1002 τίνι
1515 959 1612 1002 ὄντι
1643 962 1693 1003 ἐν
1721 964 1786 1017 νςό

364 1025 475 1077 ἔχεις
495 1026 782 1082 Πολυκλείτῳ
803 1042 850 1068 τε
881 1026 955 1068 καὶ
986 1028 1165 1082 Φειδία;
1198 1030 1242 1069 τί
1269 1024 1325 1069 ἂν
1357 1024 1607 1082 απεκρίνω,·
1638 1025 1784 1070 Εἶπον

308 1101 340 1135 D
363 1089 420 1131 ἂν
459 1089 517 1141 ὡς
554 1090 939 1165 ἇγαλματοποιοῖς.

407 1231 437 1261 2.
461 1224 687 1277 ἀργύριον
705 1229 846 1264 τελῶν
866 1228 971 1275 {nst}
968 1241 1037 1265 16-

362 1283 544 1307 cuniam
576 1273 648 1307 illi
680 1275 931 1312 soluturus
980 1276 1037 1329 In-

362 1317 423 1351 fra
439 1329 475 1371 p.
484 1318 621 1353 313A⁷
608 1318 710 1364 ε’ρχει
736 1317 949 1364 ῦποθήσων
966 1320 1035 1366 τήν

359 1360 501 1407 ψυχήν·

405 1423 436 1453 3.
476 1413 623 1464 ὥσπερ
661 1434 715 1455 αν
743 1420 784 1456 εἰ
808 1418 1036 1466 ἐπενόεις]

359 1464 416 1498 Ab
435 1465 725 1500 Atheniensibus
750 1467 885 1501 medici
910 1472 948 1501 et
964 1468 1037 1502 sta-

358 1508 472 1543 tuarii
504 1514 542 1545 et
575 1511 638 1553 qui
671 1523 706 1555 p.
733 1515 797 1546 318
823 1511 852 1545 Β
879 1512 1039 1563 exempli

361 1564 470 1588 causa
487 1566 508 1589 a
526 1555 677 1590 Socrate
695 1558 950 1591 memorantur
962 1569 1037 1602 pic-

358 1600 458 1633 tores
499 1602 536 1634 et
576 1601 746 1636 tibicines
789 1602 920 1636 eodem
957 1604 1037 1637 loco

359 1643 479 1678 habiti
505 1647 609 1697 sunt,
643 1657 715 1690 quo
742 1646 949 1691 sophistae:
977 1648 1038 1682 de-

359 1690 477 1733 specti
503 1692 600 1725 enim
625 1694 711 1726 sunt
745 1703 889 1735 omnes,
923 1704 1037 1736 quum

359 1744 465 1768 suam
506 1736 663 1780 quisque
704 1738 823 1771 artem
863 1738 1036 1788 quaestus

358 1789 471 1814 causa
496 1783 721 1825 exercerent,
748 1792 816 1832 nec
834 1792 961 1816 eorum
979 1783 1033 1816 vi-

357 1825 418 1858 tae
449 1836 565 1877 genus
598 1827 693 1861 ullus
725 1827 814 1862 civis
840 1828 1034 1872 amplexus

357 1871 413 1903 est
449 1871 519 1904 nisi
556 1872 778 1907 necessitate
818 1874 958 1916 motus;
1001 1886 1032 1908 v.

356 1912 470 1972 Gorg
492 1928 528 1961 p
544 1917 662 1951 5121).
676 1917 825 1952 Lucian.
840 1929 955 1952 somn.
974 1922 1031 1952 14:

359 1959 394 1994 ει
419 1961 460 1997 δε
488 1961 553 1996 και
579 1964 739 2002 Φειδίας
771 1958 798 2017 ἢ
823 1960 1032 1998 Πολύκλει-

356 2017 419 2045 τος
434 2005 573 2063 γένοιο,
574 2005 660 2061 τὴν
675 2007 743 2051 μὲν
758 2006 896 2064 τέχνην
911 2003 1031 2043 ἅπαν-

356 2061 416 2099 τες
448 2049 733 2103 ἐπαινέσονται,
775 2050 844 2088 οὐκ
877 2052 954 2088 ἔστι
989 2051 1031 2087 δε

354 2089 457 2136 όστις
474 2097 549 2132 τῶν
568 2081 742 2150 ἰδόντων,
772 2098 807 2133 εἰ
822 2099 915 2133 νοῦν
938 2097 1029 2144 ἔχοι,

355 2138 507 2194 εὔξαιτ’
533 2138 582 2176 ἅν
608 2154 666 2177 σοι
684 2139 814 2186 ὅμοιος
832 2143 1029 2187 γενέσθαι.

353 2184 432 2227 οἷος
462 2184 533 2231 γὰρ
567 2201 613 2222 αν
648 2187 709 2234 ᾑς,
743 2188 950 2232 βάναυσος
962 2189 1028 2223 καὶ

353 2233 539 2283 χειρῶναξ
588 2235 650 2267 καὶ
707 2231 1029 2279 ἀποχειροβίωτος

352 2274 582 2328 νομισθήσῃ.
617 2278 783 2313 Eandem
803 2280 1028 2314 sententiam

354 2321 485 2356 iisdem
510 2324 586 2358 fere
605 2324 728 2358 verbis
747 2335 959 2368 expressam
975 2325 1028 2358 in-

349 2367 476 2401 venies
501 2379 560 2412 ap
583 2369 770 2404 Plutarch.
793 2369 923 2407 Pericl,
948 2373 1027 2406 (1.2.

396 2427 427 2458 4.
441 2420 626 2468 Ιπποκρ
607 2439 720 2470 ροιτη
742 2439 772 2459 τ.
780 2425 944 2470 K.]Hip
921 2436 1027 2470 p-po

351 2470 505 2504 crates
531 2470 556 2505 O
569 2481 664 2513 0113,
689 2470 940 2505 nobilissimus
965 2471 1026 2505 ille

353 2514 441 2547 artis
455 2515 621 2550 medicae
636 2526 770 2559 parens
787 2526 828 2550 ac
842 2515 1026 2560 princeps,

351 2557 476 2594 floruit
506 2560 652 2595 circiter
678 2572 708 2595 a.
733 2565 798 2596 430
824 2571 854 2596 a.
881 2560 963 2595 Chi.
989 2573 1024 2595 n.

351 2602 495 2638 Dicitur
519 2606 579 2640 hic
603 2617 719 2649 genus
745 2617 851 2640 suum
870 2606 916 2640 ad
934 2606 1024 2640 Her-

352 2648 472 2683 culem
497 2651 534 2684 et
558 2633 819 2695 Aesculapium
844 2650 1023 2686 retulisse.

350 2692 481 2735 Itaque
507 2695 620 2730 etiam
645 2696 803 2730 Phaedr.
829 2707 863 2739 p.
881 2700 954 2750 ‚270
979 2697 1020 2732 O:

351 2736 387 2772 εἰ
400 2738 445 2782 μὲ
451 2752 470 2771 ν
478 2737 721 2784 Ιπποκροέτει
735 2741 785 2775 τώ
803 2754 874 2775 των
881 2737 1023 2786 Ασκλη

349 2784 500 2818 πιαὸὦν
515 2786 577 2820 δεῖ
589 2799 623 2820 τι
643 2779 870 2824 πείθεσθαι.
896 2786 1021 2825 Stallb

395 2832 425 2863 9
452 2827 785 2875 Πολύκλειτος]
814 2831 864 2866 Ut
882 2831 1021 2877 Hippo-

992 1091 1068 1144 Ὡς
1104 1097 1169 1145 τίς
1207 1095 1255 1137 δὲ
1292 1095 1591 1150 γενησόμενος
1629 1094 1785 1148 αὐτός,·

1108 1231 1227 1266 crates
1257 1230 1319 1265 ille
1347 1230 1463 1274 Cous,
1494 1230 1549 1266 ita
1572 1231 1783 1275 Polycletus

1107 1278 1145 1311 et
1181 1276 1332 1311 Phidias
1373 1277 1453 1310 arte
1495 1286 1561 1311 sua
1595 1277 1783 1321 principes

1106 1321 1272 1364 fuerunt,
1321 1332 1432 1365 quam
1479 1322 1651 1356 certatim
1692 1322 1785 1356 alter

1107 1366 1227 1410 Argis,
1254 1366 1350 1400 alter
1366 1366 1522 1401 Athenis
1548 1367 1782 1402 exercebant.

1107 1411 1292 1455 Polycleti
1316 1411 1382 1445 filii
1407 1423 1442 1455 p
1468 1415 1533 1446 328
1552 1411 1579 1446 C
1605 1411 1781 1454 aequales

1109 1456 1281 1491 dicuntur
1320 1456 1446 1490 Parali
1487 1458 1523 1490 et
1558 1456 1723 1501 Xanthip
1700 1458 1781 1502 ppi;

1109 1501 1271 1544 Phidias,
1296 1512 1418 1557 quem,
1437 1502 1478 1535 ut
1496 1501 1548 1536 ait
1563 1501 1783 1537 Plutarchus

1107 1546 1241 1581 Pericl.
1260 1557 1290 1581 c.
1311 1550 1364 1589 31,
1390 1544 1413 1591 ἡ
1441 1543 1538 1589 οόξοι
1564 1546 1638 1581 τῶν
1663 1546 1782 1593 ἐργων

1108 1590 1229 1634 ἐπιεζε
1248 1592 1398 1637 φθόνῳ,
1423 1591 1567 1627 invidia
1584 1603 1780 1636 oppressus

1106 1637 1144 1671 in
1175 1636 1331 1671 vinculis
1363 1629 1476 1682 periit
1506 1636 1561 1672 Ol.
1593 1641 1648 1680 87,
1682 1637 1716 1680 Ι,
1740 1649 1782 1676 ,v.

1106 1682 1249 1726 proleg
1274 1695 1309 1726 p.
1337 1685 1391 1719 28

1154 1742 1204 1772 10.
1255 1735 1335 1773 τὸν
1379 1735 1584 1782 Ἀργεῖον
1620 1758 1665 1763 --
1702 1736 1780 1774 τὸν

1107 1778 1376 1827 Ἀθηναῖον]
1415 1782 1523 1833 Talia
1551 1780 1712 1833 πάρισα
1760 1795 1782 1819 a

1105 1827 1251 1873 vulgari
1276 1838 1443 1862 sermone
1468 1827 1621 1863 minime
1648 1828 1780 1863 abhor-

1104 1877 1198 1914 rent,
1225 1873 1290 1907 sed
1314 1884 1388 1908 non
1413 1872 1523 1907 facile
1541 1872 1660 1908 civem
1679 1873 1779 1918 apud

1103 1918 1200 1952 cives
1225 1918 1293 1952 hac
1319 1917 1480 1960 ratione,
1513 1928 1608 1960 quae
1634 1917 1779 1953 histori-

1104 1973 1228 1997 corum
1247 1964 1311 2005 est,
1331 1963 1563 1997 nominatum
1580 1963 1778 2007 inveneris,

1103 2008 1140 2041 et
1164 2018 1285 2051 causa,
1318 2018 1382 2041 cur
1408 2007 1579 2058 Socrates
1603 1991 1778 2044 Phidiam

1103 2064 1177 2087 non
1202 2053 1318 2097 patris
1342 2052 1403 2087 vel
1426 2052 1515 2097 pagi
1540 2053 1687 2088 1101111116
1713 2054 1778 2088 ad-

1103 2098 1181 2132 dito
1199 2099 1386 2132 notaverit
1411 2099 1475 2132 aut
1499 2094 1566 2132 τὸν
1591 2095 1777 2144 ἡμέτερον

1103 2142 1248 2185 dixerit,
1275 2154 1320 2178 ex
1345 2144 1423 2178 61113
1449 2144 1529 2178 arte
1554 2143 1703 2178 videtur
1723 2154 1778 2178 re-

1100 2188 1263 2232 petenda
1289 2199 1384 2231 esse3
1412 2189 1456 2222 cf.
1483 2188 1589 2223 Hom
1608 2188 1651 2223 Il.
1667 2192 1719 2232 10,
1735 2192 1777 2224 68

1101 2233 1303 2288 (φθέγγεο)
1334 2215 1532 2289 πατρόθεν
1565 2230 1606 2267 ἐκ
1642 2233 1776 2287 γενεῆς

1098 2277 1293 2323 ὀνομάζων
1330 2274 1455 2323 ἄνδρα
1481 2276 1651 2321 ἕκαστον,
1683 2291 1777 2314 παν

1098 2337 1165 2364 τας
1189 2324 1398 2358 κυδαίνων.

1145 2384 1196 2415 14.
1213 2377 1638 2433 αγαλματοποιόῖς]
1656 2379 1772 2418 Bekk

1098 2426 1236 2463 Anecd
1256 2425 1385 2461 Graec
1403 2425 1428 2458 I.
1446 2427 1528 2459 335:
1557 2421 1604 2469 ἀγ
1609 2427 1774 2482 αλματο-

1096 2470 1209 2506 ποιόν
1236 2481 1331 2515 φασι
1356 2471 1563 2505 καλεισθαι
1588 2468 1655 2505 τὸν
1674 2466 1773 2505 εἰκό-

1097 2529 1167 2569 νας
1192 2517 1296 2551 θεῶν
1328 2517 1472 2568 μᾶλλον
1506 2512 1770 2570 εργαζόμενρν,

1099 2556 1419 2604 ἀνδριαντοποιὸν
1446 2559 1488 2595 δε
1522 2573 1587 2594 τον
1619 2555 1771 2613 ἀνθρω-

1093 2619 1184 2641 πων.
1232 2605 1302 2638 Α1·3
1333 2605 1514 2640 statuaria
1548 2605 1681 2639 dicitur
1706 2601 1772 2639 ἅν-

1095 2653 1138 2694 δρ
1143 2651 1364 2685 ιαντοποιία
1409 2649 1520 2694 Gorg.
1558 2653 1624 2685 450
1662 2650 1687 2684 C
1734 2651 1772 2684 et

1093 2696 1260 2752 Xenoph
1297 2695 1407 2731 Mem
1436 2695 1463 2731 1.
1488 2699 1525 2738 4,
1552 2699 1588 2730 3:
1627 2694 1770 2730 τεθαύ-

1093 2754 1195 2786 μακα
1223 2738 1284 2776 ε’πὶ
1304 2721 1625 2785 οἷνὸριαντοποιιᾳ
1645 2737 1768 2775 Πολύ-

1093 2789 1253 2821 κλειτον
1293 2798 1325 2822 v
1363 2785 1549 2820 Ruhnken
1589 2784 1636 2820 ad
1674 2785 1768 2820 Tim.

1093 2831 1209 2866 Gloss
1234 2843 1269 2875 p
1296 2835 1326 2866 5
