1907 3230
131 860 163 885 10

132 1194 164 1220 15

605 147 937 184 PROTAGORAS.
975 147 1015 182 P.
1041 151 1105 183 342
1131 147 1197 186 ST.
1522 151 1599 192 141

181 265 275 291 νων
304 246 409 298 τούς
440 250 841 303 Λακεδαιμονίους·
883 248 931 290 οἱ
957 248 1005 290 δὲ
1036 248 1385 302 Λακεδαιμόνιοι
1417 248 1600 291 ἐπειδὰν

179 316 433 370 βούλωνται
470 314 636 370 ἀνέδην
674 321 765 363 τοῖς
802 313 910 368 παρ’
951 312 1103 364 αὐτοῖς
1140 315 1436 368 ξυγγενέσθαι
1467 327 1599 370 σοφι-

181 389 306 431 σταῖς
337 381 410 423 καὶ
430 380 513 437 ἤδη
536 381 764 435 ἄχθωνται
786 380 936 436 λάθρα
959 381 1314 436 ξυγγιγνόμενοι,
1339 381 1602 436 ξενηλασίας

181 450 443 504 ποιούμενοι
481 452 573 490 τῶν
618 463 664 489 τε
708 448 1047 500 λακωνιζόντων
1083 447 1256 490 τούτων
1295 449 1369 490 καὶ
1416 448 1495 490 ε’ἀν
1536 465 1602 499 τις

185 514 317 567 ἄλλος
347 517 469 567 ξένος
499 514 564 557 ὢν
595 513 866 569 ἐπιδημήσῃ,
899 517 1219 569 συγγίγνονται
1249 523 1340 565 τοῖς
1371 523 1604 570 σοφισταῖς

183 584 487 633 λανθάνοντες
524 580 627 631 τοὺς
663 581 839 636 ξένους,
880 581 954 623 καὶ
992 580 1122 624 αὐτοὶ
1160 580 1326 624 οὐδένα
1367 583 1473 625 ε’ὦσι
1511 585 1602 624 τῶν

183 651 299 692 νέων
331 651 392 699 είς
421 647 497 699 τὰς
525 647 663 697 ἄλλας
700 649 852 697 πόλεις
885 647 1061 700 ἐξιέναι,
1094 647 1242 702 ὥσπερ
1275 648 1380 691 οὐδὲ
1411 652 1596 704 Κρῆτες,
1622 655 1653 689 D
1678 678 1679 681 =

183 718 259 758 ἵνα
298 715 355 772 μὴ
396 714 783 769 ἀπομανθάνωσιν
822 714 851 756 ὁὶ
889 713 1017 756 αὐτοὶ
1053 716 1361 759 διδάσκουσιν.
1431 715 1517 759 εἰσὶ
1554 717 1602 758 δὲ

184 783 231 824 ἐν
260 783 440 832 ταύταις
469 789 564 830 ταῖς
593 783 781 824 πόλεσιν
813 780 867 824 οὐ
896 784 1041 837 μόνον
1071 782 1235 837 ἄνδρες
1267 782 1339 824 ἐπὶ
1368 783 1603 825 παιδεύσει

184 851 296 903 μέγα
327 851 620 904 φρονοῦντες,
653 847 767 890 ἀλλὰ
796 847 871 890 καὶ
900 856 1123 904 γυναῖκες.
1171 852 1329 891 Γνοῖτε
1359 849 1400 891 δ’
1433 849 1506 903 ἄν,
1539 849 1602 892 ὅτι

185 915 270 972 ἐγώ
301 918 442 958 ταῦτα
472 914 619 971 ἀληθῆ
651 915 765 970 λέγω
797 914 871 957 καὶ
901 916 1250 971 Λακεδαιμόνιοι
1278 917 1391 972 πρὸς
1413 919 1601 973 φιλοσο-

184 986 294 1038 φίαν
316 983 389 1025 καὶ
411 983 571 1037 λόγους
592 982 752 1038 ἄριστα
774 983 1109 1037 πεπαίδευνται,
1142 974 1241 1026 εἶδε.
1290 985 1329 1026 εἰ
1346 983 1432 1039 γὰρ
1456 985 1603 1026 ἐθέλει

184 1051 651 1104 τιςῑΛακεδαιμονίων
681 1051 742 1105 τῷ
772 1050 1037 1107 φαυλοτάτῳ
1075 1052 1397 1105 συγγενέσθαι,
1436 1050 1489 1092 τοὶ
1520 1051 1602 1106 μὲν

184 1115 328 1159 πολλὰ
359 1116 409 1158 ἐν
439 1123 531 1166 τοῖς
561 1116 710 1170 λόγοις
741 1114 920 1171 εὑρήσει
950 1116 1089 1159 αὐτὸν
1120 1118 1300 1172 φαῦλόν
1319 1134 1419 1160 τινα
1440 1118 1602 1172 φαινό-

189 1199 341 1238 μενον,
382 1186 554 1236 ἔπειτα,
593 1182 708 1225 ὅπου
745 1180 801 1224 α”ν
839 1183 948 1239 τύχῃ
979 1187 1069 1226 τῶν
1107 1186 1374 1240 λεγομένων,
1417 1184 1600 1239 ἐνέβαλε
1626 1189 1655 1224 Ε

300 1333 351 1363 10.
380 1329 567 1372 γνοίητε
594 1328 672 1365 ΒΤ.

744 1332 797 1363 13.
832 1328 885 1363 τὰ
916 1328 999 1372 μὲν
1023 1329 1169 1365 πολλὰ
1195 1330 1278 1365 BT:

185 1373 383 1407 Hermann.

1305 1330 1352 1366 τὰ
1377 1331 1448 1377 μὲν
1473 1333 1603 1376 πρῶτα

185 1480 370 1525 Λάκωνας
420 1486 573 1530 ἴσμεν,
630 1482 699 1524 ἕως
748 1482 861 1520 αυτοὶ

185 1529 449 1586 προσήδρευον
479 1534 562 1570 ταῖς
586 1531 860 1583 φιλοπονίαις,

185 1573 459 1624 ὑπερέχοντας
471 1576 544 1609 τῶν
577 1571 702 1609 ἄλλων
729 1602 735 1608 .
761 1605 768 1613 .
795 1575 860 1609 καὶ

186 1621 368 1676 διέφερον
410 1633 459 1676 τῳ
502 1620 621 1664 μόνον
667 1615 717 1662 μὴ
767 1617 860 1662 πρὸς

930 1490 1027 1530 μεῖν.
1076 1487 1213 1522 Omnes
1249 1488 1347 1523 cives
1383 1499 1404 1523 a
1434 1489 1603 1535 Lqurgo

929 1531 1064 1565 vetitos
1100 1532 1211 1566 fuisse
1247 1533 1486 1578 peregrinare
1526 1519 1606 1569 Ari-

929 1575 1084 1611 stoteles
1105 1586 1164 1621 ap.
1182 1577 1401 1621 Harpocrat.
1415 1591 1451 1624 p
1467 1583 1530 1614 159
1549 1581 1605 1614 te-

929 1621 1059 1658 statur
1080 1633 1113 1655 v.
1130 1622 1320 1656 Hermann
1336 1623 1481 1658 Griech.
1497 1625 1605 1658 Anti-

187 1663 401 1704 ἀσκοῦντας
427 1656 572 1700 ἀσκεῖν.

227 1707 458 1746 1.ἒπειδάν
483 1704 859 1754 βούλωνταιᾶνέ-

188 1756 273 1799 δην
299 1754 357 1799 -]
391 1754 571 1798 quando
610 1753 769 1788 volunt
804 1753 860 1787 li-

185 1800 285 1834 bere
339 1810 432 1833 curn
493 1797 715 1842 sophistis
768 1798 862 1833 suis

188 1844 380 1878 versari.
428 1844 543 1878 Dev.
547 1810 728 1886 Ράνέδην,
762 1843 858 1887 quod

188 1889 302 1923 etiam
322 1888 381 1923 hic
403 1891 457 1923 est
474 1899 576 1922 sans
601 1898 732 1932 gene,
757 1898 861 1922 sans

187 1934 341 1978 facon,
372 1933 445 1967 vid.
472 1932 519 1967 ad
544 1933 656 1976 Gorg.
678 1944 714 1977 p.
740 1931 859 1967 494Ε.

186 1978 316 2013 Stallb.

234 2027 265 2057 3.
323 2023 604 2076 ξενηλασίας
658 2019 859 2080 ποιούμ.]

187 2067 354 2110 Thucyd.
376 2067 489 2111 1144,
511 2071 547 2100 2:
578 2063 627 2111 ἣν
652 2066 717 2101 καὶ
743 2070 862 2101 Λακε-

188 2112 384 2167 δαιμόνιοι
402 2113 628 2166 ξενηλασίας
645 2110 695 2155 μὴ
713 2115 862 2151 ποιῶσι,

187 2156 281 2200 μήτε
307 2154 419 2209 ἡμῶν
452 2155 546 2201 μήτε
572 2156 646 2191 τῶν
670 2156 862 2202 ἡμετέρων

189 2200 405 2245 ξυμμάχων,
426 2201 491 2234 ubi
511 2212 544 2235 v.
564 2201 682 2245 intpp
697 2192 862 2236 Perizon.

189 2246 236 2280 ad
254 2246 397 2280 Aelian.
413 2245 457 2279 V.
479 2245 522 2279 H.
538 2245 623 2279 XIII
640 2251 691 2283 16
712 2250 742 2280 7.
769 2246 861 2280 Her-

188 2302 299 2326 mann
318 2290 462 2326 Griech.
483 2290 667 2344 Antiquit.
693 2291 781 2330 Ι27,
810 2295 861 2327 14.

234 2339 265 2370 6.
291 2337 369 2370 καὶ
395 2331 533 2370 αὐτοὶ
559 2332 733 2371 ουδένα
758 2333 861 2370 ε’ὧσι

190 2378 690 2438 -s'gts'vqn'jplutarch
706 2380 862 2435 Lycurg.

191 2436 219 2460 c.
251 2429 312 2460 27:
359 2422 429 2460 οὐδ
484 2422 702 2470 ἀποδημεῖν
745 2424 862 2460 ἔδωκε

192 2471 440 2514 (Λυκοῦργος)
489 2473 569 2509 τοῖς
618 2469 863 2523 βουλομένοις

191 2515 256 2549 καὶ
282 2516 506 2550 πλανᾶσθαι
528 2513 659 2557 ξενικα
678 2514 863 2558 συνάγον-

190 2573 258 2600 τας
299 2556 379 2603 ἤθη
419 2561 481 2594 καὶ
530 2559 728 2604 μιμήματα
769 2561 861 2612 βίων

191 2602 436 2639 ἀπαιδεύτων
472 2605 537 2639 καὶ
574 2601 863 2648 πολιτευμάτων

192 2648 399 2693 διαφοράν.
438 2648 529 2683 Cum
555 2649 611 2684 his
635 2649 864 2684 Plutarcheis

193 2694 364 2728 convenit
399 2694 509 2728 Isocr.
544 2698 663 2737 01·.2,
699 2699 758 2735 18,
800 2693 864 2727 ubi

192 2740 321 2772 narrat
337 2738 437 2791 apud
454 2721 769 2774 Lacedaem’onios
795 2752 863 2782 μη-

194 2781 288 2817 δένα
329 2785 401 2817 τῶν
439 2785 614 2835 μαχίμων
654 2781 748 2819 ἄνευ
798 2785 865 2826 τῆς

193 2826 266 2861 τῶν
303 2825 495 2872 ἀρχόντων
535 2842 685 2874 γνωμης
721 2825 865 2874 α’ποδη-

929 1666 1023 1708 quit.
1042 1666 1125 1707 Ι27,
1141 1671 1191 1701 13.
1223 1666 1278 1701 De
1300 1668 1432 1702 eodem
1453 1669 1604 1703 Creten-

929 1711 1022 1744 sium
1037 1693 1208 1745 instituto
1223 1723 1450 1756 quamquam
1466 1713 1511 1748 ab
1522 1713 1605 1749 aliis

930 1755 1172 1799 scriptoribus
1196 1756 1298 1790 nulla
1314 1757 1356 1791 fit
1371 1758 1524 1800 mentio,
1547 1760 1604 1793 ta-

930 1810 1015 1833 men
1035 1810 1077 1834 eo
1095 1800 1214 1834 minus
1229 1801 1486 1843 dubitandum,
1505 1803 1605 1847 quod

931 1845 969 1878 et
998 1844 1144 1878 illorum
1174 1845 1276 1890 leges
1301 1846 1604 1882 Lacedaemoniis

931 1889 1141 1924 simillimae
1167 1892 1285 1932 erant,
1313 1892 1351 1925 et
1366 1894 1510 1927 veteres
1528 1903 1605 1927 om-

930 1934 1016 1968 nino
1031 1934 1370 1979 peregrinationem
1384 1937 1515 1981 patriis
1528 1948 1603 1972 mo-

929 1978 1030 2012 ribus
1055 1979 1231 2014 damnum
1262 1980 1395 2016 afferre
1421 1982 1605 2018 existima-

930 2023 1032 2058 bant.
1060 2036 1092 2061 v.
1118 2024 1268 2061 Aristot.
1294 2024 1372 2060 Pol.
1399 2025 1466 2060 VII
1491 2031 1522 2069 5,
1549 2031 1580 2062 3.

980 2072 1031 2102 10.
1079 2065 1196 2103 ἀλλὰ
1244 2070 1321 2104 καὶ
1362 2073 1603 2116 γυναῖκες]

930 2113 1026 2147 Nam
1058 2114 1171 2147 etiam
1203 2114 1375 2149 mulieres
1400 2115 1606 2160 Spartanae

930 2169 1021 2202 prae
1053 2158 1185 2193 ceteris
1210 2159 1419 2194 constantia
1425 2128 1482 2195 pet
1505 2162 1607 2195 forti-

931 2203 1062 2237 tudine
1110 2204 1223 2237 animi
1268 2205 1520 2249 excellebant,
1568 2207 1606 2240 id

933 2249 1033 2289 quod
1064 2248 1249 2282 testantur
1285 2259 1332 2293 ap
1386 2250 1607 2296 hthegmata

930 2292 993 2326 illa
1006 2291 1270 2327 Lacaenarum.
1299 2260 1506 2330 Ιῗοὲἰοετο
1531 2295 1605 2330 Τ11-

930 2337 1018 2371 scul.
1049 2337 1064 2371 Ι
1094 2341 1262 2380 42,102.
1299 2306 1339 2373 et
1374 2339 1605 2375 Plutarch.

932 2381 1061 2417 Moral.
1086 2393 1123 2426 p.
1152 2387 1237 2418 1217
1252 2393 1332 2440 eqq.
1358 2385 1485 2422 Stallb.

979 2431 1029 2461 12.
1068 2427 1108 2462 εἰ
1144 2427 1228 2472 γαρ
1256 2425 1416 2464 ἐθέλει
1455 2431 1535 2474 τίς]
1561 2430 1606 2465 V.

931 2483 967 2516 p.
995 2476 1061 2506 324
1079 2473 1121 2507 Α.

980 2520 1031 2554 15,
1069 2515 1262 2561 ἐνέβαλε
1305 2517 1427 2563 ῥ’ῆμα
1470 2515 1605 2562 αξιον

932 2558 1083 2606 λόγου]
1114 2562 1272 2597 Acutam
1304 2563 1490 2598 Laconum
1521 2564 1605 2599 bre-

931 2605 1197 2651 viloquentiam
1214 2607 1341 2642 laudat
1354 2607 1460 2643 Plato
1476 2609 1520 2643 de
1534 2609 1606 2646 leof.

931 2650 947 2684 Ι
979 2662 1015 2695 p,
1047 2655 1111 2685 642
1137 2652 1177 2687 Ε
1226 2652 1376 2687 Theaet.
1408 2664 1442 2697 p.
1479 2657 1540 2688 130
1566 2637 1606 2688 ὃ.

932 2695 1001 2731 Illa
1025 2698 1158 2731 acute
1184 2697 1285 2731 dicta
1309 2708 1355 2742 ap
1359 2698 1396 2732 te
1415 2709 1498 2732 cum
1522 2698 1607 2733 telis

932 2743 1209 2786 comparantur:
1253 2742 1298 2777 de
1340 2753 1412 2786 quo
1449 2755 1514 2777 usu
1552 2744 1607 2777 lo-

934 2787 1071 2829 quendi
1105 2799 1135 2823 v
1161 2788 1208 2821 ad
1238 2798 1398 2832 sympos.
1423 2800 1458 2832 p.
1485 2788 1607 2822 219Β.

935 2850 975 2855 -
1012 2830 1158 2866 Tribuit
1196 2842 1283 2867 vero
1321 2832 1529 2867 Laconibus
1566 2830 1607 2867 τὸ
