1907 3230
684 135 749 169 AD
775 134 1125 169 PROTAGORAM.
1568 137 1624 178 23

205 250 247 290 p.
280 235 363 276 319
384 237 422 275 A
454 236 596 289 vocat,
633 235 856 276 relicturus
887 235 937 275 de
968 235 1058 276 eius
1089 235 1218 276 solius
1248 235 1470 290 disciplina
1501 250 1623 290 quae-

204 291 386 332 stionem
423 291 555 332 infert
591 305 728 345 neque
769 291 895 332 aliam
935 291 1157 345 intelligit,
1197 306 1326 345 quum
1366 291 1621 346 Protagorae

203 347 393 388 oratione
425 347 506 387 sibi
536 361 782 401 persuasum
813 361 903 388 esse
936 347 1177 400 confitetur,
1212 347 1256 402 (a
1287 347 1508 401 sophistis)
1540 348 1621 388 vir-

201 405 338 444 tutem
376 417 500 456 posse
539 403 689 444 doceri.
749 403 947 444 Alterum
978 403 1066 444 eius
1096 417 1253 457 genUS,
1292 417 1386 444 cum
1416 403 1518 444 boni
1549 403 1622 445 ho-

202 460 397 513 nestique
428 459 674 513 cognitione
704 460 746 499 et
766 460 871 500 recti
899 459 1163 500 conscientia
1193 459 1478 511 coniunctum,
1512 460 1623 514 quod

202 515 327 556 unice
349 515 516 556 virtutis
538 515 711 556 nomine
734 515 910 570 dignum
934 518 1008 567 est,
1032 516 1071 556 id
1097 529 1120 556 a
1143 515 1368 569 disciplina
1389 515 1622 569 sophistica

203 571 389 612 alienum
420 585 510 612 esse
541 571 782 613 arbitratur.
846 571 1037 614 Conatur
1066 572 1198 626 igitur
1217 572 1396 625 probare
1422 571 1622 626 Protago-

202 641 307 680 ram,
341 628 456 668 cuius
478 630 705 681 praecepta
727 628 776 668 de
798 628 850 669 iis
872 642 977 682 quae
998 628 1110 669 vitae
1136 628 1270 669 civilis
1292 628 1399 668 ratio
1420 629 1622 682 requirat,

202 683 316 724 haud
346 684 493 737 inepta
524 683 629 736 sint,
669 684 852 735 nescire,
894 698 999 738 quae
1032 685 1088 725 sit
1117 698 1240 725 verae
1270 685 1439 725 virtutis
1470 687 1624 725 natura

201 739 478 794 imperiteque
510 739 560 780 de
591 753 640 780 ea
670 740 837 794 nugari,
868 745 916 781 ut
945 740 1157 781 immerito
1179 741 1348 781 virtutis
1370 741 1623 795 magistrum

201 810 245 836 se
284 796 554 849 profiteatur,
601 810 773 850 eamque
819 797 909 850 ipse
954 796 1077 838 docet
1123 799 1166 837 et
1203 811 1331 837 unam
1371 811 1461 837 esse
1500 798 1541 837 et
1577 796 1623 836 in

201 852 379 893 scientia
410 854 616 893 constare.

315 908 396 949 Sed
433 909 477 948 in
517 907 595 949 hac
631 911 754 961 parte
792 908 1091 962 disputationis
1129 907 1293 949 Socrati
1328 922 1511 962 persona
1548 907 1623 949 im-

201 964 340 1018 posita
371 967 454 1018 est,
488 978 593 1018 quae
626 965 678 1005 ab
710 979 758 1006 ea
769 997 780 1017 7
821 979 946 1018 quam
978 964 1226 1018 plerumque
1257 964 1368 1018 apud
1402 964 1623 1005 Platonem

199 1021 304 1074 fert,
343 1020 472 1074 longe
503 1021 715 1062 abhorret.
777 1021 946 1061 Etenim
979 1024 1025 1061 ut
1055 1035 1153 1062 suae
1185 1034 1334 1061 causae
1365 1020 1537 1071 serviat,
1582 1023 1624 1061 et

202 1077 466 1131 argumentis
498 1076 659 1130 aliquot
689 1078 843 1128 utitur,
875 1091 980 1131 quae
1011 1077 1162 1118 ceteris
1193 1076 1405 1118 Platonici
1437 1075 1622 1118 Socratis

203 1133 427 1174 sententiis
459 1147 545 1173 non
576 1135 832 1188 congruunt,
864 1147 942 1174 nec
964 1147 1130 1187 semper
1150 1147 1247 1174 vere
1270 1133 1342 1174 hic
1363 1147 1459 1174 cum
1480 1132 1623 1174 adver-

201 1189 311 1230 sario
352 1189 455 1243 agit.
518 1188 652 1237 Quam
692 1190 979 1231 diversitatem
1017 1190 1103 1231 iam
1142 1189 1244 1230 olim
1282 1189 1465 1230 iudicavi
1498 1189 1543 1229 in
1574 1202 1623 1230 eo

198 1245 382 1299 positam
413 1259 524 1298 esse,
565 1245 679 1299 quod
714 1245 848 1299 Plato,
880 1245 1235 1300 quemadmodum
1270 1246 1322 1286 ad
1362 1244 1624 1299 Protagorae

200 1301 463 1356 aliorumque
510 1300 798 1354 sophistarum
837 1301 1105 1355 disciplinam
1145 1300 1438 1355 exponendam
1479 1304 1522 1342 et
1558 1314 1624 1341 res

200 1358 332 1411 ipsas,
366 1371 469 1411 quas
501 1357 728 1407 docebant,
761 1357 1030 1412 significavit,
1064 1360 1106 1398 et
1137 1357 1316 1398 docendi
1348 1357 1458 1398 viam
1489 1371 1537 1398 ac
1560 1370 1621 1397 ra-

198 1415 360 1454 tionem
391 1413 581 1464 effinxit,
612 1414 673 1455 sic
705 1413 754 1454 de
785 1414 994 1455 industria
1025 1428 1094 1466 ea,
1127 1427 1234 1467 quae
1267 1413 1429 1455 Socrati
1459 1412 1625 1467 tribuit,

199 1469 361 1524 placita
398 1484 447 1511 ac
477 1469 646 1511 decreta
684 1484 739 1511 ex
769 1470 901 1524 ipsius
933 1469 1120 1512 Socratis
1153 1470 1347 1511 doctrina
1377 1469 1625 1524 repetiverit

200 1529 242 1568 et
273 1527 362 1567 eius
394 1526 641 1579 disputandi
672 1526 882 1567 rationem
913 1526 1180 1580 expresserit.

313 1582 375 1622 De
397 1585 573 1636 utraque
589 1597 634 1623 re
651 1581 919 1624 Stallbaumii
937 1583 1019 1624 alia
1034 1583 1115 1624 fuit
1130 1582 1354 1635 sententia,
1377 1582 1448 1636 qui
1464 1581 1622 1635 omnia,

198 1652 475 1693 quaecunque
497 1638 660 1680 Socrati
688 1639 828 1680 minus
857 1638 1038 1680 honesta
1059 1653 1149 1681 esse
1172 1639 1408 1690 videantur,
1439 1652 1461 1679 e
1483 1638 1623 1691 sophi-

197 1698 359 1736 starum
390 1694 591 1749 vulgique
623 1695 823 1748 opinione
855 1697 897 1736 et
927 1698 1069 1736 mente
1102 1695 1317 1749 disputata
1349 1708 1438 1735 esse
1460 1694 1622 1734 statuit.

197 1750 346 1814 Itaque
361 1764 468 1804 quae
492 1751 542 1791 de
559 1750 809 1791 fortitudine
822 1751 1097 1803 disseruntur,
1117 1765 1178 1804 ea,
1197 1751 1338 1805 inquit
1352 1750 1417 1790 vir
1433 1749 1622 1791 doctissi-

197 1821 291 1848 mus
322 1807 368 1847 in
396 1806 577 1869 praefat.
600 1821 699 1848 suae
724 1806 822 1849 edit
847 1808 1017 1848 secund.
1042 1822 1083 1861 p
1095 1808 1221 1860 30sq.
1216 1839 1238 1859 .,
1271 1806 1465 1848 Socrates
1487 1806 1623 1860 plera-

198 1877 280 1917 que
299 1877 444 1904 omma
459 1863 512 1903 ad
529 1863 744 1904 mentem
728 1864 865 1926 ipsius
883 1863 1142 1918 Protagorae
1159 1863 1361 1916 disputat,
1376 1862 1436 1903 ita
1452 1861 1622 1916 quidem

196 1923 243 1960 ut
274 1933 368 1960 eum
399 1933 476 1973 per
507 1933 626 1959 suam
656 1919 789 1973 ipsius
820 1920 1032 1960 rationem
1062 1934 1107 1960 m
1138 1919 1331 1959 fraudem
1363 1922 1406 1959 et
1437 1932 1622 1960 errorem

196 1975 383 2017 inducat.
444 1975 556 2017 Nam
587 1974 782 2017 Socrates
812 1975 916 2030 ipse,
949 1976 1027 2016 etsi
1058 1975 1352 2016 fortitudinem
1383 1988 1547 2028 quoque
1578 1974 1623 2015 in

198 2032 378 2073 scientia
424 2032 604 2085 positam
653 2046 744 2073 esse
781 2032 1017 2085 iudicabat,
1062 2033 1206 2072 tamen
1242 2031 1491 2085 neutiquam
1530 2044 1624 2071 eam

200 2088 374 2129 volebat
409 2088 548 2129 inesse
587 2088 632 2128 in
673 2087 827 2129 callida
858 2089 1040 2142 quadam
1070 2102 1210 2129 rerum
1241 2087 1519 2128 iucundarum
1550 2090 1624 2128 aut

196 2143 547 2197 iniucundarum‚
589 2144 911 2186 metuendarum
941 2146 1015 2185 aut
1044 2158 1133 2185 non
1164 2143 1487 2184 metuendarum
1520 2142 1623 2184 deli-

197 2200 437 2250 beratione,
478 2200 530 2241 ad
568 2214 695 2254 quam
725 2215 854 2242 unam
885 2215 987 2241 sane
1018 2200 1135 2241 illam
1167 2199 1410 2241 referebant
1440 2199 1513 2253 qui
1545 2199 1624 2240 vir-

198 2257 303 2298 tutis
326 2256 580 2310 dignitatem
604 2271 687 2297 uno
708 2257 905 2298 utilitatis
927 2256 1066 2298 studio
1087 2256 1400 2297 terminabant:
1423 2256 1508 2296 imo
1525 2269 1621 2296 eum

200 2327 278 2367 pro
311 2317 426 2353 certo
457 2315 499 2353 et
523 2312 748 2366 ⁴explorato
779 2312 982 2354 habemus
1013 2327 1105 2354 eam
1138 2312 1380 2364 scientiam,
1421 2326 1527 2365 quae
1558 2325 1621 2352 re-

199 2369 437 2423 quireretur
456 2369 509 2409 ad
529 2369 838 2420 fortitudinem,
862 2369 964 2410 item
984 2369 1029 2410 in
1052 2369 1155 2410 boni
1174 2369 1360 2422 rectique
1374 2368 1621 2422 cognitione

202 2428 329 2479 atque
360 2428 474 2467 certa
504 2424 635 2466 officii
666 2425 941 2479 persuasione
971 2425 1153 2480 positam
1173 2424 1436 2466 iudicavisse.
1486 2423 1622 2465 Idem-

200 2496 302 2536 que,
343 2481 455 2535 quod
487 2481 682 2523 Socrates
713 2481 937 2523 honestum
968 2484 1010 2522 et
1041 2481 1270 2523 iucundum
1301 2480 1409 2521 idem
1442 2493 1531 2520 esse
1562 2480 1622 2521 ait

204 2538 392 2592 adeoque
441 2537 658 2592 voluptate
696 2538 756 2578 ita
795 2538 1021 2579 fruendum
1060 2538 1318 2591 arbitratur,
1359 2539 1407 2577 ut
1443 2536 1495 2577 ad
1533 2536 1620 2577 eius

202 2608 327 2635 usum
358 2594 568 2648 sapientia
599 2594 865 2647 adhibeatur,
898 2593 1021 2635 huius
1043 2595 1282 2635 sententiae
1304 2595 1495 2634 auctores
1516 2592 1622 2633 facit

199 2694 265 2728 καὶ
286 2691 439 2738 ἀρετῆς,
466 2707 498 2746 ῃ
510 2692 548 2729 οἵ
569 2691 775 2747 ἅνθρωποι
789 2707 856 2734 τας
871 2707 908 2728 τε
928 2693 1051 2734 οἰκίας
1066 2694 1131 2728 καὶ
1151 2689 1217 2733 τὰς
1235 2692 1365 2733 πόλεις
1383 2693 1508 2733 καλῶς
1526 2693 1620 2727 διοι-

199 2740 320 2781 κοῦσι,
346 2739 411 2773 καὶ
437 2736 524 2779 τοὺς
553 2739 689 2783 γονέας
715 2737 803 2778 τοὺς
830 2736 956 2773 αὐτῶν
983 2736 1259 2796 θεραπεύουσι,
1285 2738 1349 2772 καὶ
1375 2738 1532 2778 πολίτας
1555 2737 1620 2772 καὶ

202 2783 353 2862 ξένιῖθυς
368 2780 645 2827 ὑποδέξασθαί
675 2797 713 2819 τε
742 2784 807 2818 καὶ
834 2779 1063 2828 ἀποπέμψαι
1090 2781 1314 2819 ἐπίστανται
1339 2779 1454 2826 αξίως
1479 2779 1622 2825 ανὸρὸς

199 2840 274 2871 αγα
310 2841 367 2864 ου.
