1907 3230
589 157 921 193 PROTAGORAS.
947 157 988 194 P.
1013 161 1078 192 343
1104 156 1169 192 ST.

1513 157 1590 199 143

175 263 348 318 ῥήματα
378 260 545 314 βραχέα
576 257 959 312 ἀξιομνημόνευτα
982 255 1151 312 ἑκάστῳ
1175 256 1397 310 εἰρημένα,
1431 255 1496 298 ὅτι
1518 257 1591 298 καὶ

173 330 303 382 κοινῇ
350 325 649 373 συνελθόντες
693 322 899 377 ἀπαρχήν
942 326 1020 378 τῆς
1062 325 1224 376 σοφίας
1268 321 1490 365 ἀνέθεσαν
1529 325 1589 378 τῷ
1616 335 1641 368 Β
1698 345 1700 347 ·

168 393 415 436 Ἀπόλλωνι
462 394 524 442 εἰς
567 391 644 433 τὸν
688 391 806 432 νεών
852 387 930 431 τὸν
976 391 1027 432 ἐν
1073 392 1295 444 Δελφοῖς,

1341 389 1592 444 γράψαντες

174 465 325 514 ταῦτα,
357 458 386 502 οἳ
406 459 460 514 δὴ
483 460 645 507 πάντες
671 456 881 511 ὑμνοῦσι,
912 459 1092 510 γνῶθι
1123 458 1356 510 σαυτόν,
1389 457 1462 498 καὶ
1493 472 1591 511 μη-

174 529 267 571 δὲν
297 527 445 581 ἄγαν.

292 598 382 637 Τοῦ
415 593 467 648 δή
499 594 631 635 ἕνεκα
669 594 808 633 ταῦτα
849 591 983 645 λέγω;
1030 590 1097 633 ὅτι
1128 585 1260 640 οὗτος
1291 589 1312 632 ὁ
1344 590 1506 645 τρόπος
1536 585 1593 645 ἦν

290 755 317 788 1
336 746 600 795 εἰρημένα,
636 742 723 789 ότι,
759 748 803 781 ut
833 747 921 791 olim
946 747 1146 834 1proposui,
1177 758 1275 781 nunc
1300 747 1453 800 seiipsi:
1492 746 1591 801 εζρη-

173 794 282 838 μένα.
309 795 414 830 οὑτοι
438 793 515 835 ΒΤ,
543 775 738 847 εἰρημένα,
765 787 789 826 ὁὶ
816 792 922 827 οὑτοι

982 803 1133 826 ermann
1176 789 1371 835 εἰρημένα,
1400 787 1457 826 ὅτι
1484 791 1593 826 οὗτοι

173 840 368 881 Deuschle,
397 819 569 882 εἰρημέν’
597 834 619 871 ἃ
648 837 756 871 οὑτοι
782 837 936 871 Schanz.
978 836 1122 871 Socrati
1147 837 1422 880 argumentum,
1449 847 1494 870 ex
1520 846 1592 878 quo

173 886 317 929 septem
334 883 530 937 sapientes
555 882 875 937 breviloquentiae
893 881 1077 916 studiosos
1093 881 1203 915 fuisse
1208 891 1444 935 cognoscere
1465 881 1594 915 liceret

174 925 414 974 (καταμάθοι
441 924 489 962 ἄν
514 940 570 967 τις
596 923 670 964 κτὲ
696 928 738 960 ut
761 938 797 971 p.
825 931 889 961 342
915 926 946 960 D
972 931 1098 979 γνοῐτε
1125 922 1162 960 δ’
1191 923 1277 970 α’ν),

1309 937 1354 981 pi
1357 925 1594 979 oponendifin

173 975 244 1009 fuit
267 974 380 1016 idque
404 972 495 1007 fecit
521 972 645 1006 verbis
669 971 734 1006 καὶ
760 973 869 1018 κοινῇ
898 968 1150 1010 συνελθόντες
1175 991 1218 995 -
1243 969 1366 1015 μηδὲν
1393 965 1502 1014 άγαν,
1529 969 1595 1004 sed

173 1019 358 1071 particula
390 1014 467 1060 ὅτι,
505 1027 578 1059 qua
602 1017 695 1066 haec
719 1027 805 1050 cum
831 1008 1084 1060 superioribus
1110 1016 1516 1068 0011111111111,0011111110ἴ
1539 1015 1595 1049 est

174 1075 212 1098 m
243 1076 359 1102 ουτοι,
392 1063 434 1096 ut
464 1072 575 1105 saepe
607 1074 626 1096 ο
651 1061 689 1095 111
721 1073 765 1095 ου
791 1062 829 1094 01
853 1074 888 1095 τι
912 1072 950 1094 111
975 1074 1033 1095 τοι
1058 1061 1203 1094 mutata
1227 1042 1322 1094 sunt.
1372 1059 1450 1093 Nee
1476 1059 1592 1102 οὑτοι,

175 1109 271 1143 1111ᾶο
297 1090 451 1149 orditur,
477 1106 646 1140 Socrates
672 1106 709 1139 in
735 1105 803 1139 hac
829 1105 1159 1150 comprehensione
1184 1106 1354 1148 repetere
1379 1104 1513 1149 potuit.

220 1246 250 1276 2.
268 1243 403 1286 κοινῆ
431 1237 848 1283 συνελθόντεςῙΗθ·

175 1287 337 1328 melitus,
365 1296 459 1329 quae
484 1285 604 1318 multa
621 1284 849 1328 cogitatione

172 1331 369 1366 invenerat
386 1332 423 1364 et
441 1329 575 1363 litteris
592 1311 848 1370 mandaverat,

174 1387 219 1412 ea
253 1374 390 1419 Ephesi
432 1376 613 1417 tmquam
653 1373 849 1408 donarium

173 1419 393 1465 (ἀνάθημα)
433 1418 577 1452 Dianae
623 1418 662 1452 in
709 1420 810 1462 temp
814 1418 848 1452 lo

174 1465 468 1506 consecraverat,
494 1465 535 1497 ut
560 1462 716 1497 tradidit
741 1463 848 1516 Diog.

174 1511 296 1546 Laert.
322 1509 373 1543 IX
399 1512 435 1542 6:
475 1504 645 1558 ἀνέθηκε
679 1506 720 1542 δὲ
754 1505 848 1543 αὐτὸ

175 1554 231 1608 (τὸ
277 1555 433 1609 βιβλίον
463 1554 550 1596 περὶ
576 1549 754 1609 φυσεως)
796 1551 849 1592 εἰς

174 1598 217 1635 τὸ
244 1602 312 1644 τῆς
334 1586 547 1642 Ἀρτέμιδός
573 1595 687 1639 ἱερόν.
731 1597 850 1631 Simili

174 1646 285 1679 modo
310 1645 345 1680 h.
371 1644 392 1680 1.
418 1644 562 1687 septem
585 1642 640 1676 illi
665 1642 851 1686 sapientes

175 1689 384 1725 studiorum
409 1689 550 1722 fructus
574 1687 741 1732 Apollini
766 1687 849 1721 Del-

175 1735 285 1784 phico
319 1732 544 1768 dedicavisse
577 1732 852 1773 (11011111111-,10-

176 1779 270 1814 stive
308 1781 433 1813 autem
465 1777 636 1811 Socrates
674 1759 853 1821 contingit

175 1824 257 1859 illos
275 1823 429 1867 Delphis
447 1822 634 1856 communi
652 1824 850 1863 conventu,

176 1868 297 1911 qualis
335 1835 435 1912 apud
472 1866 628 1902 Calliam
668 1866 853 1900 habeatur

176 1915 236 1957 (cf.
261 1925 297 1958 p.
325 1917 389 1948 337
415 1912 481 1962 D),
518 1911 701 1946 brevitate
739 1911 853 1944 dicto-

175 1970 276 2001 rum,
309 1968 405 2000 quae
439 1957 477 1990 in
508 1956 650 2000 templo
675 1955 854 1998 inscripta

176 2003 261 2045 sint,
267 1984 457 2056 certatim
476 2012 559 2037 usos
577 2012 666 2037 esse
691 2000 851 2034 Pausan.

176 2048 208 2082 X
234 2048 290 2081 26:
330 2046 437 2081 οὗτοι
475 2045 513 2081 οι
550 2043 688 2099 α’νδρες
715 2040 853 2097 ᾇφικό-

177 2104 284 2136 μενοι
335 2091 389 2131 εἰς
431 2089 610 2146 Δελφούς
656 2089 853 2126 ἀνέθεσαν

179 2138 227 2181 τῷ
251 2133 452 2171 Ἀπόλλωνι
470 2150 515 2170 τα
535 2134 711 2190 ᾀδόμενα
729 2136 853 2179 γνῶθι

178 2179 331 2222 σαυτόν,
359 2181 424 2215 καὶ
449 2174 574 2225 μηδὲν
599 2178 710 2236 ἄγαν.
758 2180 852 2214 The-

177 2223 759 2278 111151.01·.26Ρ.317Α;ρλι’γα
785 2222 852 2269 ρή-

177 2284 280 2316 ματα
295 2268 603 2324 περιφερόμενα
634 2268 688 2324 jv
723 2271 851 2305 Θαλοῦ

177 2329 218 2352 τε
255 2312 374 2351 αὐτοῦ
411 2318 476 2350 καὶ
505 2330 587 2353 των
626 2311 750 2349 α’λλων
792 2326 852 2348 σο-

179 2360 274 2406 φῶν,
308 2360 359 2396 ὡν
392 2374 456 2394 και
489 2362 561 2395 νῦν
593 2356 853 2413 ἐμπεπλησμε-

179 2419 239 2441 νοι
265 2389 360 2441 εἰσὶν
387 2404 427 2440 οἷ
452 2410 573 2460 τοιχοι
591 2405 657 2439 και
675 2418 721 2439 τα
740 2403 853 2438 πινά-

178 2464 256 2493 uta,
274 2448 417 2504 genet&
435 2463 503 2505 μεν
523 2451 587 2485 καὶ
606 2451 699 2484 νοῦν
719 2449 853 2493 ε’χοντοι

179 2494 315 2531 ἱκανόν
353 2496 418 2530 καὶ
461 2493 548 2535 ὅσος
592 2488 640 2529 <iv
680 2498 854 2534 πλειστος

180 2537 331 2585 γένοιτο
376 2541 467 2581 νοῦς
511 2541 647 2575 δυοῖν
684 2536 853 2583 ὄνομα·

180 2600 293 2643 των,
337 2583 433 2620 οἷλλοὶ
473 2581 574 2628 ψιλα
614 2597 654 2637 γε
696 2587 855 2623 πίστεως

182 2629 412 2680 ἕπιταγματι
429 2627 693 2680 προσεοικότα.
731 2628 785 2663 De
800 2628 856 2663 his

182 2676 288 2711 dictis
312 2675 550 2717 brevissimis,
575 2674 776 2719 plurimum
799 2675 855 2707 ta-

182 2732 265 2756 men
312 2720 486 2765 ponderis
534 2720 757 2754 habentibus
804 2718 857 2752 ita

182 2766 296 2800 sentit
335 2765 461 2800 Senec.
500 2765 607 2808 epist.
643 2768 703 2799 94.
753 2763 855 2797 Haec

183 2821 266 2844 cum
290 2810 365 2844 ictu
391 2810 552 2853 quodam
577 2809 764 2850 audimus,
788 2819 856 2842 nec

183 2854 249 2888 ulli
279 2854 366 2889 licet
396 2855 568 2889 dubitare
601 2855 664 2888 aut
699 2854 854 2888 interro·

920 1250 1026 1284 gare,
1066 1239 1160 1274 adeo
1192 1240 1303 1273 etiam
1335 1239 1412 1273 sine
1450 1238 1595 1272 ratione

919 1287 1000 1329 ipsa
1024 1283 1161 1318 veritas
1187 1283 1299 1317 ducit.

964 1333 997 1363 4.
1030 1329 1178 1382 γνῶθι
1217 1325 1401 1382 σαυτόν]
1435 1327 1593 1361 Phaedr.

918 1385 953 1417 p.
979 1378 1044 1409 229
1070 1374 1098 1407 Ε
1132 1386 1176 1408 ου
1209 1371 1384 1415 δύναμαί
1411 1385 1467 1407 πω
1498 1369 1596 1406 κατὰ

918 1418 962 1453 τὸ
1006 1416 1201 1470 Δελφικὸν
1250 1416 1404 1462 γράμμα
1454 1418 1595 1460 γνῶναι

919 1460 1096 1506 ἐμαυτόν
1148 1462 1316 1497 Clemens
1341 1463 1442 1496 Alex.
1461 1461 1595 1513 Strom.

918 1508 934 1541 I
961 1512 1012 1544 14.
1019 1519 1076 1563 p.
1103 1511 1184 1542 351:
1221 1505 1262 1541 τὸ
1296 1508 1426 1559 γνῶθι
1455 1504 1596 1541 σαυτὸν

921 1551 960 1587 οἳ
989 1565 1059 1596 μεν
1084 1552 1254 1592 Χίλωνος
1286 1550 1526 1596 ὑπειλήφασι
1554 1578 1560 1584 .
1589 1579 1596 1587 .

917 1593 1171 1642 Ἀριστοτέλης
1219 1595 1262 1632 δὲ
1312 1597 1377 1640 τῆς
1416 1568 1597 1635 ’Πυθιᾝας

921 1642 1142 1677 Aristoteles
1172 1642 1288 1685 igitur
1327 1642 1467 1675 dictum
1504 1640 1597 1674 illud

922 1687 1176 1721 acutissimum
1213 1687 1260 1720 ad
1298 1685 1480 1730 Apollinis
1512 1685 1597 1719 Del-

921 1732 1022 1776 phici
1047 1732 1168 1766 cultus
1193 1731 1301 1765 initia
1325 1730 1466 1764 retulit
1494 1729 1598 1766 Stob.

921 1744 1046 1830 Florisl
1074 1780 1213 1828 21,‘26:
1245 1774 1317 1819 πρὸ
1349 1776 1518 1814 Χίλωνος
1550 1768 1598 1817 ἦν

924 1821 978 1857 ἐτι
1005 1803 1253 1877 υἷναγραπτον
1281 1819 1338 1873 (τὸ
1357 1821 1483 1871 γνῶθι
1509 1830 1598 1853 σαυ-

922 1867 1002 1922 τόν)
1030 1863 1069 1900 ἐν
1094 1868 1145 1911 τῷ
1168 1864 1376 1918 ιδρυθέντι
1403 1864 1475 1910 νεῷ
1501 1876 1597 1906 μετα

922 1911 989 1947 τὸν
1020 1908 1199 1966 πέτρινόν
1236 1922 1275 1945 τε
1313 1910 1379 1944 καὶ
1417 1900 1598 1966 χαλκοῦν,

922 1955 1104 1999 καθαπερ
1147 1953 1397 1998 Ἀριστοτέλης
1440 1951 1480 1988 ἕν
1520 1966 1599 1992 τοις

923 2015 969 2037 πε
973 2002 1263 2045 ρὶφιλοσοφιάς
1282 2001 1420 2044 εἰρηκε,
1448 1998 1598 2034 0121301·-

924 2015 1387 2126 1ῗ1ᾆέῖἓ11ξοῒξέὶιῖἒῗὲᾃὲ
1394 2047 1477 2123 1301?
1482 2042 1599 2121 ⁷153?

924 2138 1002 2171 tum
1052 2135 1271 2176 abhorrent,
1321 2144 1416 2176 quae
1466 2131 1599 2167 Critias

922 2181 1143 2226 personatus
1169 2179 1323 2223 exponit
1349 2177 1535 2213 Charmid.
1560 2188 1596 2220 p.

926 2230 988 2260 164
1004 2226 1033 2259 D
1048 2235 1126 2267 sqq.
1156 2223 1337 2267 Apollinis
1355 2223 1600 2266 praeceptum

923 2270 1014 2305 dicit
1038 2270 1076 2303 id
1102 2269 1229 2303 Cicero
1261 2268 1306 2302 de
1334 2268 1406 2317 leg:
1427 2268 1443 2301 I
1463 2272 1516 2308 22,
1537 2270 1599 2301 58:

923 2316 1032 2349 huius
1046 2313 1239 2364 praecepti
1252 2313 1360 2347 tanta
1373 2312 1427 2346 vis
1442 2313 1480 2345 et
1495 2312 1601 2346 tanta

924 2359 1110 2395 sententia
1133 2360 1199 2401 est,
1226 2359 1268 2391 ut
1292 2368 1337 2392 ea
1361 2367 1434 2391 non
1459 2356 1601 2390 homini

924 2405 1104 2449 cuipiam,
1137 2386 1202 2438 sed
1227 2402 1407 2447 Delphico
1439 2401 1508 2435 deo
1539 2401 1601 2434 ‘tri-

924 2450 1111 2490 bueretur,
1137 2448 1180 2482 cf.
1200 2448 1307 2485 Tusc
1334 2445 1600 2487 Ι22,52.111-

924 2493 1046 2529 venal.
1077 2498 1128 2536 11,
1152 2497 1209 2527 27:
1236 2503 1255 2527 e
1282 2492 1383 2526 coelo
1409 2472 1603 2524 descendit

924 2540 1048 2584 γνῶθι
1091 2536 1270 2579 σεαυτόν,
1317 2536 1523 2579 Figendum
1564 2535 1602 2568 et

925 2584 1082 2618 memori
1107 2583 1345 2618 tractandum
1370 2581 1533 2625 pectore.

971 2632 1001 2663 6.
1038 2630 1127 2663 Τοῦ
1155 2624 1210 2670 δὴ
1232 2625 1438 2670 -λέγω·]
1466 2624 1601 2674 Saepe-

926 2683 1080 2708 numero
1114 2673 1213 2717 apud
1247 2671 1443 2705 Platonem
1474 2668 1602 2703 huius-

926 2718 1030 2752 modi
1070 2717 1383 2766 interrogationes
1425 2714 1603 2748 orationis

928 2763 1149 2797 animandae
1182 2761 1304 2811 gratia
1334 2759 1463 2795 ins-emi
1496 2759 1602 2792 doce-

926 2808 1020 2842 bunt
1045 2818 1140 2850 quae
1171 2806 1332 2841 diximus
1358 2805 1405 2840 ad
1431 2803 1542 2847 Gorg.
1568 2815 1603 2847 p.

925 2857 990 2887 453
1009 2852 1045 2887 C.
1071 2852 1199 2887 S-tallb
