1939 3214
333 154 415 196 208

381 266 464 289 cum
489 254 555 289 τοῦ
579 255 725 288 iunctus
743 253 937 288 consilium
955 253 1008 286 in—

381 299 482 333 dicat
512 298 554 335 G.
584 303 650 334 457
675 297 714 335 E.
745 318 788 322 ——
820 308 863 332 ex
893 297 1009 342 parti-

851 150 1004 186 INDEX
1028 150 1246 186 LATINUS.

1079 250 1236 285 Nicias
1274 250 1328 284 vir
1358 249 1496 293 probus
1528 261 1572 285 ac
1601 250 1683 294 pius
1714 249 1760 284 G.

1124 299 1190 330 472
1215 296 1258 329 A.

380 343 477 388 cipio
511 343 610 388 apud
642 342 798 377 verbum
830 342 1010 377 auxiliare
1081 340 1269 374 Nomen:
1319 340 1403 382 post
1448 349 1655 383 pronomen
1694 349 1762 384 per

336 386 830 483 [niselpfgeenffitzzssiuffiiissg
837 436 902 466 523
928 432 966 465 Β.

335 478 736 522 Interpunctionis
750 476 1010 511 rat10P.345E.

336 522 670 566 Interrogatio:
707 522 829 556 medio
855 521 1016 556 sermoni

386 568 526 602 inserta
552 567 593 601 G.
619 570 684 601 463
712 565 747 600 C.
775 567 813 603 P.
832 571 897 601 343
915 566 956 600 Β.
973 586 1016 590 -

380 612 545 656 repetita
569 611 613 646 G.
632 615 698 646 473
715 611 756 646 E.
782 615 847 646 500
866 611 898 644 A
922 611 960 646 et
976 611 1015 648 P.

336 701 693 745 Interrogativa
730 711 812 735 cum
848 700 1016 736 relativis

383 748 510 782 iuncta
536 746 577 781 G.
603 750 669 781 448
694 746 734 783 Ε.

338 792 536 827 Iteratio
569 792 767 826 verborum
793 801 877 825 cum
901 801 1017 835 nega-

381 837 482 871 tione
509 836 550 871 G.
578 840 640 871 5¹21
667 836 709 870 D.
736 840 801 870 452
828 835 872 872 D.
900 840 965 870 454
990 835 1015 870 C

382 883 420 916 et-
445 882 482 916 P.
509 886 574 916 344
599 881 642 919 D.

340 926 524 961 ludices
549 927 751 960 inferorum
779 925 821 959 G.
848 929 914 960 523
941 925 977 961 C.

340 971 517 1006 Iudicia
538 971 770 1005 mortuorum
786 969 827 1004 G.
847 970 1013 1013 523Esq.

338 1016 664 1050 Iusiurandum
690 1012 734 1059 νὴ
763 1013 830 1049 τὸν
855 1013 953 1049 κύνα
972 1014 1014 1049 G.

338 1105 530 1141 Iustitia
559 1106 598 1139 in
629 1104 862 1148 aequalitate
893 1103 1018 1149 posita

385 1150 427 1188 G.
454 1154 519 1186 483
544 1150 584 1185 Ε.
612 1153 676 1185 508
704 1152 747 1184 A.

659 1262 703 1305 L.

340 1341 366 1375 L
377 1351 398 1375 a
408 1352 426 1376 c
435 1351 455 1375 o
466 1353 489 1374 n
498 1341 509 1375 i
519 1354 533 1376 s
542 1352 577 1374 m
589 1353 612 1374 u
621 1353 637 1375 s
654 1340 937 1376 Atheniensium
955 1351 1019 1374 no-

384 1388 487 1420 tatur
513 1386 556 1421 G.
583 1390 648 1421 515
674 1386 713 1420 E.
740 1385 778 1420 P.
806 1389 870 1421 342
897 1385 938 1422 Β.

341 1431 369 1464 L
379 1442 398 1465 e
406 1442 430 1475 g
441 1442 459 1465 e
470 1443 485 1465 s
530 1431 578 1480 ad
615 1431 831 1488 discenduxn
872 1430 1020 1474 publice

339 1475 837 1601 ιξέἓῖἒήὲῗιῗαξὲιέὶέοῗὲ,
877 1520 950 1555 sint
980 1520 1022 1556 P.

652 1667 710 1707 M.

342 1757 509 1792 Medici
533 1755 675 1801 publici
700 1754 741 1792 G.
769 1759 834 1790 455
859 1755 900 1788 Β.

342 1802 472 1836 Mend
484 1813 521 1844 e,
538 1802 625 1836 urbs
642 1800 822 1835 Thraciae
840 1799 879 1837 P.
899 1803 964 1835 315
978 1801 1020 1837 A.

343 1847 585 1882 Miltiades
611 1846 652 1882 G.
679 1850 743 1881 516
769 1845 812 1880 D.

341 1892 599 1927 Mithaecus
626 1891 670 1927 G.
695 1894 760 1925 518
778 1890 818 1928 B.

342 1937 379 1971 M
390 1936 509 1971 ulier
528 1948 546 1971 e
559 1948 574 1970 s
601 1947 689 1970 num
707 1935 754 1969 ad
772 1935 919 1970 scenica
944 1944 1024 1979 spe-

389 1982 536 2017 ctacula
574 1981 718 2016 aditum
755 1981 953 2015 habuerint
980 1979 1021 2014 G.

388 2031 453 2062 502
479 2027 522 2060 D.

342 2071 460 2106 Muri
481 2071 715 2149 &menarum
748 2071 784 2104 et
810 2069 954 2104 Piraeei
980 2068 1023 2102 G.

389 2120 455 2151 455
516 2144 523 2150 .

344 2160 518 2195 Musica
554 2160 687 2195 latiore
718 2170 825 2194 sensu
857 2156 958 2193 dicta
982 2158 1021 2192 Ρ.

392 2210 458 2241 340
483 2206 526 2242 A.
556 2226 594 2229 —
622 2205 699 2240 eius
724 2204 887 2239 studium
913 2214 1025 2247 quam

392 2251 468 2285 vim
494 2250 637 2285 habeat
660 2250 700 2285 P.
726 2253 791 2284 326
818 2250 849 2282 A
868 2259 949 2292 sqq.

350 2297 474 2340 Myso
507 2295 544 2329 in
575 2306 767 2329 numerum
801 2296 944 2338 septem
970 2304 1026 2328 sa—

392 2342 563 2385 pientum
588 2341 749 2374 refertur
773 2339 815 2373 P.
841 2343 906 2374 343
932 2339 976 2373 A.

345 2385 567 2430 Mysteria
592 2385 634 2420 G.
658 2389 723 2420 497
751 2384 786 2421 C.

660 2498 713 2539 N.

347 2587 544 2622 Navalia
576 2587 806 2621 Athenarum
838 2587 868 2619 G
892 2589 958 2620 455
983 2584 1026 2619 D.

348 2633 381 2667 N
391 2644 409 2667 e
419 2635 491 2666 utr
501 2643 522 2667 a
535 2632 686 2666 nomina
700 2631 872 2667 adiectiV.
887 2630 933 2663 de
947 2640 1027 2673 per-

393 2678 491 2711 sonis
523 2677 623 2711 dicta
653 2676 692 2710 P.
720 2680 785 2711 309
812 2675 849 2710 C.
875 2695 918 2700 —
943 2685 1028 2709 cum

393 2722 525 2756 adiect.
551 2721 701 2756 mascul.
720 2720 759 2754 P.
781 2723 845 2755 315
863 2719 902 2753 Ε.
923 2741 961 2745 -
981 2719 1029 2754 ad

394 2767 559 2801 feminin.
586 2767 745 2801 relatum
772 2765 813 2799 G.
839 2768 904 2799 465
923 2765 965 2798 D.
986 2785 1029 2789 —

395 2811 570 2890 adieessiVi
607 2811 685 2846 sine
726 2825 761 2845 τι
793 2809 955 2855 positum
987 2809 1028 2844 G.

394 2861 460 2891 465
523 2885 529 2891 .

1127 384 1398 429 appositionem
1421 383 1567 418 illatum
1583 383 1622 418 P.
1638 388 1703 419 313
1717 385 1761 418 A.

1127 449 1170 454 ——
1195 428 1436 463 secundariae
1469 429 1677 463 sententiae
1702 438 1762 463 ac-

1129 473 1406 508 commodatum
1432 472 1477 508 G.
1504 476 1569 508 515
1595 473 1632 508 C.

1088 518 1426 553 Nominativus:
1475 529 1542 561 pro
1591 517 1762 552 vocativo

1131 563 1273 607 positus
1297 563 1336 596 Ρ.
1357 566 1422 598 354
1440 563 1482 598 A.
1499 582 1542 587 —
1559 561 1659 606 apud
1677 563 1762 597 δεῖν

1131 618 1200 652 per
1230 607 1376 658 synesin
1411 608 1608 651 usurpatus
1632 606 1671 641 P.
1699 610 1764 642 316

1133 653 1170 689 C.
1210 673 1250 677 -—
1285 664 1324 686 in
1363 651 1642 696 comparatione
1679 653 1765 697 post

1132 697 1246 732 alium
1272 708 1397 733 casum
1424 696 1466 733 G.
1495 700 1561 732 458
1587 698 1628 734 A.

1403 798 1451 839 Ο.

1087 878 1238 912 0611οὲ
1264 877 1422 911 duorum
1446 885 1631 920 pagorum
1657 874 1763 912 attic.

1131 932 1267 956 nomen
1292 921 1330 955 Ρ.
1356 926 1421 956 310
1447 921 1484 956 C.

1086 966 1245 1001 Oleum
1270 966 1434 1009 corporis
1458 965 1628 1010 partibus
1646 964 1766 998 exter-

1130 1015 1188 1045 nis
1213 1011 1363 1052 bonum,
1387 1009 1627 1044 interioribus
1652 1007 1767 1053 pessi-

1133 1067 1235 1089 mum
1265 1055 1305 1089 P.
1339 1059 1402 1090 337
1435 1055 1477 1091 Β.
1515 1073 1553 1079 —
1593 1054 1694 1089 eibos
1731 1054 1770 1087 et

1133 1101 1289 1144 opsonia
1314 1099 1442 1134 condit
1466 1103 1532 1134 337
1559 1099 1596 1136 C.

1087 1145 1348 1190 Optativus:
1376 1144 1454 1179 sine
1479 1141 1528 1178 ἄν
1546 1143 1585 1178 in
1602 1143 1762 1178 interro-

1131 1191 1282 1235 gatione
1318 1191 1460 1234 positus
1490 1188 1532 1223 G.
1559 1192 1624 1224 492
1650 1188 1690 1224 B.
1724 1208 1765 1213 -

1130 1236 1169 1269 in
1206 1235 1500 1279 interrogatione
1537 1233 1623 1277 post
1659 1243 1767 1278 prae-

1135 1291 1218 1315 sens
1242 1281 1385 1324 positus
1412 1280 1453 1314 G.
1479 1282 1545 1313 448
1563 1278 1603 1312 Ε.
1622 1298 1665 1302 —-
1680 1278 1766 1322 post

1135 1324 1380 1359 indicativum
1411 1324 1538 1358 illatus
1572 1323 1609 1358 P.
1635 1326 1700 1358 329
1725 1321 1767 1356 Β.

1139 1390 1176 1396 -
1214 1372 1299 1414 post
1336 1369 1482 1405 relativ.
1518 1368 1769 1413 praecedente

1134 1416 1302 1459 tempore
1338 1417 1527 1458 praesenti
1566 1413 1603 1449 P.
1635 1416 1699 1447 327
1726 1412 1770 1446 D.

1135 1479 1178 1484 —
1202 1462 1288 1503 post
1312 1459 1558 1493 indicativum
1582 1457 1683 1502 apud
1709 1452 1769 1491 ὅτι

1135 1506 1278 1548 positus
1304 1504 1341 1538 P.
1367 1507 1432 1538 335
1457 1505 1500 1537 A.
1533 1523 1574 1527 —
1607 1501 1685 1536 sine
1721 1498 1772 1536 ἄν

1135 1550 1173 1583 in
1195 1549 1354 1583 relativa
1378 1548 1563 1582 sententia
1588 1546 1632 1584 G.
1653 1549 1716 1581 521
1733 1545 1771 1581 C.

1136 1614 1175 1617 —
1202 1595 1288 1638 post
1318 1591 1378 1628 ὅτι
1403 1592 1651 1637 praecedente
1677 1592 1772 1626 tem-

1135 1648 1226 1682 pore
1262 1639 1451 1682 praesenti
1488 1637 1530 1675 G.
1562 1641 1626 1671 512
1651 1636 1695 1673 A.
1728 1655 1772 1660 —

1135 1685 1221 1727 post
1247 1684 1312 1718 ἵνα
1332 1682 1582 1727 praecedente
1600 1682 1770 1726 tempore

1135 1729 1324 1772 praesenti
1351 1727 1393 1762 G.
1413 1731 1476 1761 461
1497 1727 1535 1761 C.
1554 1747 1597 1752 --
1616 1737 1698 1761 cum
1725 1721 1772 1760 ἄν

1135 1774 1283 1807 iunctus
1309 1774 1346 1807 in
1373 1773 1558 1807 sententia
1589 1770 1772 1816 hypothe-

1137 1818 1214 1852 tica
1238 1820 1323 1862 post
1347 1828 1522 1862 praesens
1548 1820 1587 1851 P.
1615 1820 1681 1851 354
1705 1815 1749 1850 D.

1094 1863 1272 1898 Oratio:
1305 1866 1408 1898 recta
1433 1862 1512 1897 sine
1536 1861 1690 1907 praevio
1715 1860 1770 1895 in-

1139 1907 1219 1942 dice
1246 1907 1287 1942 G.
1314 1912 1379 1942 514
1405 1908 1447 1942 D.
1476 1928 1512 1932 —
1547 1908 1650 1941 recta
1684 1907 1772 1949 post

1139 1953 1329 1996 obliquam
1366 1953 1475 1986 illata
1506 1952 1547 1985 G.
1581 1955 1644 1985 512
1679 1952 1705 1985 0
1737 1951 1774 1984 et

1138 1998 1178 2032 Ρ.
1204 2002 1269 2032 338
1295 1997 1334 2033 Β.
1364 2017 1403 2021 —-
1430 1997 1534 2032 recta
1564 2006 1638 2030 non
1668 2005 1774 2039 prae-

1137 2042 1248 2076 misso
1285 2041 1439 2076 articulo
1477 2041 1521 2076 G.
1558 2044 1622 2074 461
1656 2040 1695 2074 Ε.
1731 2058 1774 2065 -

1140 2087 1294 2131 obliqua
1324 2086 1458 2121 transit
1487 2086 1525 2119 in
1557 2086 1700 2120 rectam
1732 2084 1773 2118 P.

1140 2136 1203 2166 322
1232 2132 1256 2167 C
1276 2143 1328 2176 sq.

1096 2177 1398 2221 Orphicorum
1424 2175 1611 2211 sententia
1628 2175 1673 2210 de
1691 2185 1774 2209 cor-

1141 2232 1231 2267 pore
1257 2222 1370 2256 animi
1395 2221 1564 2267 sepulcro
1583 2219 1625 2255 G.
1643 2224 1709 2255 493
1730 2221 1774 2254 A.

1412 2324 1455 2365 P.

1095 2403 1413 2438 Paedotribae
1438 2402 1478 2439 P.
1505 2406 1569 2437 326
1595 2401 1637 2435 Β,

1095 2448 1286 2482 Paralus
1310 2448 1352 2483 P.
1379 2452 1443 2482 314
1468 2447 1509 2481 E.

1096 2493 1421 2537 Participiuin:
1465 2487 1516 2526 ὤν
1557 2491 1775 2536 praedicato

1142 2538 1461 2573 accommodatum
1488 2536 1532 2573 G.
1549 2540 1614 2571 463
1632 2536 1661 2570 E
1681 2538 1718 2571 et-
1735 2535 1774 2570 P.

1141 2587 1206 2618 354
1238 2582 1276 2619 C.
1307 2586 1372 2617 359
1398 2582 1441 2618 D.
1473 2602 1517 2607 —-
1547 2582 1632 2625 post
1664 2579 1776 2615 ἕνεκα

1143 2624 1282 2662 τούτου
1299 2627 1339 2662 P.
1358 2631 1423 2662 348
1440 2627 1482 2662 D.
1509 2650 1550 2654 —-
1575 2626 1661 2670 post
1678 2622 1776 2660 οὕτω

1143 2682 1210 2716 per
1226 2672 1450 2716 epexegesin
1466 2671 1629 2715 positum
1648 2670 1690 2704 G.
1711 2673 1776 2705 478

1145 2718 1171 2752 C
1197 2718 1235 2751 et
1259 2722 1323 2752 513
1341 2718 1380 2753 Ε.
1406 2737 1450 2741 —
1473 2717 1511 2749 in
1537 2714 1775 2760 responsione

1144 2762 1182 2796 P.
1201 2766 1265 2796 352
1284 2762 1326 2799 D.
1354 2761 1395 2798 Gr.
1414 2765 1477 2796 511
1498 2760 1535 2797 C.
1555 2779 1598 2785 -—
1622 2760 1777 2804 pluralis

1144 2807 1289 2841 numeri
1310 2817 1393 2841 cum
1408 2805 1510 2839 duali
1523 2805 1777 2839 consociatum

1146 2852 1191 2887 G.
1217 2855 1280 2885 481
1309 2851 1352 2885 D.
1389 2850 1428 2885 P.
1456 2854 1520 2885 313
1546 2849 1589 2888 D.
1617 2870 1657 2875 --
1690 2859 1777 2884 con-
