1907 3230
679 173 744 209 AD
776 171 1121 208 PROTAGORAM.
1530 173 1582 214 15

162 278 210 318 in
241 289 290 317 eo
321 275 433 328 quod
464 275 620 315 iniuste
651 273 825 328 agit25),
865 273 925 314 ita
955 286 1088 327 agens
1119 272 1234 313 recte
1266 273 1308 312 et
1337 271 1444 312 bene
1475 272 1580 326 agit,

160 332 228 374 vel
259 331 371 385 quod
402 331 513 371 idem
544 332 608 371 est
637 330 746 370 bene
777 343 820 369 se
850 327 993 369 habet.
1056 327 1171 369 Bene
1202 329 1344 368 autem
1367 341 1493 381 agere
1517 329 1582 368 vel

161 402 206 430 se
244 387 401 428 habere
440 400 564 427 nemo
600 387 742 439 potest
770 385 856 425 nisi
886 385 958 438 qui
989 398 1095 438 quae
1126 384 1239 424 bona
1271 385 1369 423 sunt
1399 383 1580 438 facitstss)

160 444 219 485 Et
249 457 379 497 quum
400 443 512 483 bona
533 442 620 483 sint
640 441 762 482 utilia
783 440 1038 490 hominibus,
1070 442 1360 493 temperanter
1385 439 1456 493 qui
1477 439 1579 493 agit,

161 506 309 541 eorum
339 498 516 539 utilitati
546 497 688 547 servit,
721 511 809 537 non
841 496 972 537 infert
1002 495 1214 536 iniuriam.
1275 494 1391 549 Ergo
1423 497 1583 549 tempe-

160 555 301 597 rantia
332 554 545 596 contraria
577 555 640 594 est
669 553 925 605 iniustitiae,
966 554 1008 593 et
1037 550 1231 593 Socrates
1271 552 1417 592 eodem
1456 550 1583 592 modo

162 625 244 665 quo
277 613 403 651 antea
434 609 636 664 colligere
666 609 818 663 potuit,
850 608 1179 662 temperantiam
1209 607 1321 648 idem
1344 621 1433 648 esse
1456 610 1583 661 atque

162 667 386 708 iustitiam.

279 722 372 774 Sed,
404 723 453 762 ut
483 721 583 773 dixi,
616 720 721 761 haec
752 719 1056 761 demonstratio
1079 719 1129 760 ad
1152 719 1288 760 iustae
1312 720 1584 772 argument-a-

160 778 292 820 tionis
313 778 658 832 perspicuitatem
680 790 766 817 non
782 776 988 830 perducta
1009 778 1084 816 est.
1116 775 1291 816 Etenim
1307 773 1578 828 Protagoras,

164 849 293 889 quum
325 848 375 875 ex
407 847 455 874 eo
487 832 680 875 Socrates
712 835 898 886 quaerat,
932 833 1098 873 bonane
1130 831 1217 872 sint
1239 845 1300 884 ea,
1332 844 1438 884 quae
1463 830 1586 870 utilia

164 891 253 932 sint
282 889 542 943 hominibus,
575 889 683 930 hanc
714 890 971 930 sententiam
1001 902 1088 929 non
1112 902 1198 928 una
1220 901 1270 928 ex
1292 889 1412 940 parte
1433 886 1585 927 falsam

164 961 254 988 esse
293 946 397 987 dicit
434 948 476 986 et
513 946 686 986 tandem
726 945 994 986 occasionem
1035 943 1242 984 sermonis
1273 943 1355 983 alio
1388 942 1585 983 flectendi

161 1005 335 1044 nactum
366 1016 409 1043 se
441 1016 530 1043 esse
560 1005 676 1042 ratus
707 1001 882 1055 longam
914 1000 1076 1042 orditur
1107 1000 1358 1051 orationem,
1392 1013 1474 1052 qua
1508 999 1586 1039 bo-

161 1073 264 1099 num
303 1072 391 1099 11011
427 1057 649 1099 hominum
679 1058 863 1098 utilitate
896 1056 1182 1097 definiendum
1214 1069 1303 1096 esse
1335 1056 1476 1102 docet,
1514 1054 1586 1094 sed

165 1114 368 1168 quidquid
406 1114 533 1155 alicui
562 1114 623 1155 rei
654 1114 756 1154 utile
789 1114 865 1166 sit,
906 1113 948 1153 id
980 1115 1176 1165 eatenus,
1215 1110 1355 1165 quoad
1385 1110 1487 1151 utile
1518 1110 1586 1161 sit,

166 1171 326 1212 bonum
366 1170 611 1220 dicendum,
658 1172 705 1210 ut
742 1170 876 1210 multa
917 1169 1004 1209 sint
1034 1169 1165 1220 bona,
1204 1181 1311 1221 quae
1342 1166 1586 1208 hominibus

164 1227 321 1280 partim
352 1226 513 1266 nullam
545 1226 725 1267 afferant
754 1226 1004 1277 utilitatem,
1037 1226 1194 1278 partim
1219 1223 1349 1263 etiam
1371 1223 1586 1265 damnum.

164 1282 297 1331 Quam
337 1283 592 1322 sententiam
622 1281 814 1335 plurimis
847 1281 1051 1334 exemplis
1083 1280 1318 1333 speciosam
1350 1278 1587 1318 doctrinam

162 1338 441 1392 prodentibus
480 1338 725 1391 confirmat,
777 1337 939 1378 scilicet
983 1336 1063 1377 hac
1107 1336 1274 1376 ratione
1322 1334 1586 1375 audientium

164 1395 329 1435 animos
369 1393 421 1434 ad
452 1394 516 1434 sui
548 1393 873 1434 admirationem
905 1392 1156 1446 abrepturus
1188 1394 1315 1445 atque
1345 1394 1481 1431 artem
1512 1389 1587 1431 So-

167 1451 292 1492 cratis
324 1449 589 1491 dialecticam
621 1449 771 1491 callide
803 1449 1006 1491 elusurus.
1068 1447 1116 1488 P.
1149 1447 1231 1488 328
1250 1446 1287 1486 D
1313 1471 1362 1476 â€”-
1389 1447 1472 1487 334
1493 1445 1540 1487 C.

278 1505 373 1546 Etsi
410 1509 550 1547 autem
581 1506 844 1560 Protagorae
875 1505 1106 1545 familiares
1137 1503 1251 1544 illius
1282 1503 1486 1543 orationis
1519 1516 1584 1543 co-

166 1562 280 1616 piam
330 1576 380 1603 ac
419 1562 688 1616 splendorem
726 1561 1007 1611 admirantur,
1056 1563 1199 1601 tamen
1241 1558 1461 1600 Socratem
1502 1572 1589 1599 non

165 1619 279 1674 fugit
308 1618 626 1660 fraudulentum
656 1618 770 1659 illius
803 1618 1037 1658 consilium.
1088 1616 1232 1670 Rogat
1261 1616 1394 1670 igitur
1425 1613 1589 1668 sophis-

165 1679 267 1724 tam,
299 1677 346 1715 ut
376 1675 515 1715 missis
547 1674 864 1729 splendidarum
896 1673 1136 1715 orationum
1168 1671 1421 1725 ambagibus
1454 1670 1588 1710 brevi-

166 1731 385 1784 loquentia
421 1733 588 1782 utatur,
633 1731 679 1771 in
717 1744 799 1783 qua
837 1733 879 1770 et
916 1730 1010 1782 ipsa
1047 1742 1138 1769 sese
1179 1728 1380 1769 excellere
1422 1726 1588 1769 dixerit.

165 1786 244 1828 Ille
289 1800 388 1827 vero
428 1787 619 1840 iniquum
661 1788 784 1839 putat
821 1785 901 1825 sibi
940 1784 1189 1838 praescribi,
1239 1783 1591 1837 quemadmodum

168 1842 471 1896 disputandum
494 1844 559 1885 sit.
606 1842 768 1890 Quibus
789 1841 942 1881 auditis
965 1840 1173 1893 Socrates,
1198 1854 1327 1893 quum
1348 1839 1591 1879 institutam

169 1899 497 1952 disputationem
529 1898 737 1952 persequi,
768 1911 856 1938 non
887 1897 1101 1938 orationes
1133 1897 1183 1937 de
1214 1896 1342 1936 variis
1372 1895 1498 1936 rebus
1520 1909 1588 1935 au-

169 1955 258 1995 dire
289 1955 452 2009 cupiat,
485 1955 665 2008 abrupto
697 1967 890 1995 sermone
922 1953 1150 1994 discessum
1181 1954 1316 2006 parat.
1380 1950 1460 1991 Hic
1491 1964 1589 1991 vero

169 2011 324 2053 Callias
363 2025 457 2052 eum
489 2011 644 2052 obnixe
674 2012 817 2065 rogat,
855 2011 902 2050 ut
933 2024 986 2050 ne
1017 2008 1226 2061 discedat,
1269 2010 1311 2048 et
1342 2022 1469 2061 quum
1500 2007 1591 2060 ipse

169 2067 429 2121 Protagorae
481 2067 793 2121 patrocinetur,
847 2065 1091 2107 Alcibiades
1137 2064 1356 2106 Socratem
1403 2062 1592 2104 defendit

170 2137 300 2176 eaque
340 2124 659 2177 opportunitate
691 2122 893 2164 Prodicus
933 2125 976 2162 et
1005 2121 1187 2175 Hippias
1218 2121 1279 2161 ita
1308 2121 1506 2172 utuntur,
1546 2122 1593 2159 ut

169 2179 242 2220 ille
273 2179 324 2219 ad
355 2180 615 2220 audientium
646 2181 688 2220 et
718 2179 1029 2232 disputantium
1058 2177 1199 2218 officia
1227 2175 1478 2230 explicanda
1499 2188 1592 2228 spe-

172 2235 310 2276 cimen
341 2235 443 2276 artis
474 2249 573 2276 suae
604 2236 732 2276 verba
760 2236 872 2275 idem
896 2229 1187 2289 significantia
1208 2231 1501 2286 distinguendi
1523 2245 1591 2271 ex-

169 2291 335 2345 hibeat,
375 2292 444 2332 hic
483 2292 683 2346 colloquii
712 2291 993 2345 persequendi
1025 2289 1297 2331 condiciones
1328 2288 1480 2329 florida
1509 2287 1591 2328 elo-

175 2348 349 2402 quentia
391 2351 617 2402 proponat.
680 2347 794 2395 Quas
830 2347 999 2401 quidem
1031 2346 1226 2388 Socrates
1270 2348 1317 2385 ut
1358 2344 1593 2399 Protagora

174 2403 374 2458 indignas
406 2407 636 2454 aversatur,
669 2403 741 2444 sed
772 2418 854 2457 quo
888 2402 1049 2444 Calliae
1081 2401 1292 2443 voluntati
1325 2400 1592 2454 obsequatur,

172 2474 262 2501 non
300 2461 425 2502 modo
463 2462 676 2512 remanet,
715 2474 860 2500 verum
892 2459 1021 2500 etiam
1050 2473 1194 2499 rursus
1227 2472 1323 2499 cum
1353 2456 1592 2510 Protagora

174 2530 412 2558 sermonem
451 2517 642 2558 conferre
681 2516 780 2559 vult.
841 2515 1048 2563 Quoniam
1085 2517 1224 2555 autem
1262 2513 1592 2554 declamationes

174 2573 392 2628 longiores
409 2574 582 2615 omnino
599 2575 743 2614 censet
768 2587 791 2612 a
807 2571 1015 2626 colloquio
1033 2571 1236 2612 arcendas
1254 2584 1355 2622 esse,
1378 2568 1593 2622 sophistae

173 2629 455 2682 respondendi
486 2628 830 2684 interrogandive
863 2628 1036 2681 optione
1058 2627 1169 2680 data,
1201 2627 1290 2680 ipse
1312 2626 1397 2666 iam
1419 2637 1594 2678 respon-

175 2684 313 2726 dentis
335 2686 511 2740 suscipit
531 2689 686 2740 partes,
709 2686 767 2726 ita
788 2684 972 2738 quidem,
996 2686 1054 2737 ut,
1077 2687 1301 2738 postquam
1324 2681 1394 2722 ille
1416 2681 1594 2722 interroÎ‡

289 2777 347 2816 25)
375 2757 459 2809 á¼¦.
485 2775 600 2810 Cicer.
627 2775 671 2810 de
697 2774 790 2811 offic.
819 2774 833 2807 Î™
861 2784 889 2807 c.
917 2777 969 2809 10.

297 2823 353 2862 26)
379 2820 531 2854 Aristot.
556 2820 661 2865 polit.
688 2820 768 2862 Vll,
796 2823 830 2855 1:
866 2815 1061 2854 á¼€Î´á½»Î½Î±Ï„Î¿Î½
1086 2819 1209 2858 ÎºÎ±Î»á¿¶Ï‚
1234 2814 1414 2861 Ï€Ïá½±Ï„Ï„ÎµÎ¹Î½
1440 2819 1518 2855 Ï„Î¿á¿–Ï‚
1543 2812 1593 2858 Î¼á½´

176 2862 223 2900 Ï„á½°
248 2864 344 2899 ÎºÎ±Î»á½°
371 2862 616 2908 Ï€Ïá½±Ï„Ï„Î¿Ï…ÏƒÎ¹Î½.
