1939 3214
329 148 384 190 82
918 147 1157 183 PLATONIS

327 248 471 303 μόνον
499 247 640 298 θεοὺς
671 248 865 303 ε’νόμισε,
898 250 973 291 καὶ
1006 249 1223 304 ἐπεχείρει
1244 250 1423 304 βωμούς
1444 266 1490 294 τε
1512 251 1754 306 ἱδρύεσθαι

328 316 403 357 καὶ
441 315 674 370 ἀγάλματα
711 317 834 357 θεῶν
846 330 855 338 ·

903 318 1054 358 ἔπειτα
1097 315 1255 371 φωνὴν
1294 317 1369 359 καὶ
1407 315 1603 373 ὀνόματα
1641 318 1753 374 ταχὺ

328 383 644 438 διηρθρεόοάτο
683 386 737 438 τῇ
776 384 930 438 τέχνῃ,
979 384 1055 425 καὶ
1092 385 1288 438 οἰκήσεις
1325 383 1399 426 καὶ
1443 385 1637 440 ἐσθῆτας
1677 386 1752 428 καὶ

325 447 559 500 ὑποδέσεις
596 448 671 492 καὶ
702 449 936 504 στρωμνὰς
975 452 1049 492 καὶ
1080 450 1158 501 τὰς
1189 452 1238 494 ἐκ
1269 455 1350 506 γῆς
1379 451 1550 507 τροφὰς
1580 451 1748 507 εὕρετο.

273 516 303 550 Β
325 516 444 560 οὕτω
475 519 530 572 δὴ
565 520 978 573 παρεσκευασμένοι
1008 517 1107 559 κατ’
1147 516 1284 573 ἀρχὰς
1324 517 1561 573 ἅνθρωποι
1598 518 1750 576 ᾤ’κουν
1773 531 1791 557 5

326 585 580 640 σποράδην,
629 585 781 635 πόλεις
817 585 867 627 δὲ
904 584 987 627 οὐκ
1025 580 1155 640 ἦσαν.

1216 584 1484 632 ἀπώλλυντο
1531 581 1616 628 οὖν
1662 584 1749 628 ὑπὸ

325 655 416 695 τῶν
445 654 622 708 θηρίων
652 652 726 694 διὰ
755 650 805 694 τὸ
835 655 1038 707 πανταχῇ
1070 650 1222 694 αὐτῶν
1260 652 1580 708 ἀσθενέστεροι
1619 651 1750 708 εἶναι,

325 721 399 762 καὶ
428 719 455 775 ἡ
489 720 785 775 δημιουργικὴ
817 720 947 775 τέχνη
980 718 1132 769 αὐτοῖς
1162 720 1273 775 πρὸς
1303 721 1386 776 μὲν
1418 721 1594 777 τροφὴν
1618 720 1750 776 ἱκανὴ

323 786 494 842 βοηθὸς
527 780 599 843 ἦν,
643 786 753 843 πρὸς
791 787 840 829 δὲ
876 786 955 829 τὸν
993 789 1084 829 τῶν
1120 790 1297 843 θηρίων
1336 789 1533 843 πόλεμον
1573 789 1749 844 ἐνδεής·

325 853 563 909 πολιτικὴν
601 854 688 909 γὰρ
725 856 887 910 τέχνην
925 853 1052 897 οὔπω
1096 851 1232 909 εἶχον,
1270 849 1323 910 ἧς
1353 856 1486 911 μέρος
1516 857 1747 912 πολεμική.
1767 868 1799 894 10

327 922 512 977 ἐζήτουν
552 923 606 978 δὴ
643 922 937 978 ἁθροίζεσθαι
977 923 1051 965 καὶ
1083 922 1303 978 σῴζεσθαι
1334 926 1554 975 κτίζοντες
1583 925 1750 973 πόλεις.

327 987 394 1031 ὅτ’
419 984 504 1031 οὖν
526 988 834 1044 ἁθροισθεϊεν,
865 989 1056 1045 ἠδίκουν
1077 989 1317 1045 ἀλλήλους,
1350 990 1427 1038 ἅτε
1460 991 1544 1033 οὐκ
1577 993 1752 1045 ἔχοντες

325 1055 410 1111 τὴν
432 1058 669 1112 πολιτικὴν
690 1057 865 1112 τέχνην,
887 1056 1000 1099 ὥστε
1022 1059 1160 1099 πάλιν
1177 1058 1535 1113 σκεδαννύμενοι
1553 1059 1752 1112 διεφθεί-

281 1131 307 1166 C
327 1139 475 1177 ροντο.

538 1123 650 1174 Ζεύς
686 1117 771 1167 οὖν
810 1125 961 1174 δείσας
998 1125 1101 1179 περὶ
1139 1127 1200 1179 τῷ
1231 1125 1351 1178 γένει
1381 1124 1523 1181 ἡμῶν,
1555 1124 1614 1180 μὴ
1645 1123 1752 1167 οἷπό-

324 1259 394 1294 τοῦ
424 1262 523 1295 θεοῦ
550 1258 789 1310 συγγένειαν,
815 1271 913 1303 quae
938 1258 1065 1294 omnia
1089 1259 1229 1295 delevit
1251 1259 1436 1295 Deuschle
1461 1259 1568 1310 prob.
1595 1259 1749 1302 Schanz,

324 1305 391 1340 τοῦ
417 1305 518 1339 θεοῦ
544 1305 667 1339 01111111
690 1305 811 1339 voluit
826 1305 1030 1340 Hermann
1055 1316 1088 1339 v.
1113 1315 1208 1348 quae
1234 1304 1280 1339 de
1306 1305 1364 1338 his
1388 1304 1514 1340 verbis
1539 1304 1752 1349 scripsimus

325 1350 364 1383 in
390 1348 496 1385 Stud
523 1350 612 1394 phil.
637 1363 673 1395 p
693 1353 758 1385 846
776 1362 830 1394 sq.

926 1355 954 1384 1.
982 1350 1126 1395 μόνον
1152 1349 1238 1384 BT
1264 1348 1381 1394 μόνος
1408 1350 1503 1385 00111.
1529 1348 1658 1393 Cobet,
1685 1349 1751 1384 sed

326 1394 396 1429 hoc
421 1394 603 1429 librorum
628 1395 780 1430 lectioni
804 1406 878 1430 non
902 1395 1081 1440 praestat,

323 1506 456 1550 habet,
502 1517 574 1551 quo
611 1518 648 1542 se
685 1509 848 1542 tueatur.
904 1508 1000 1543 Nam

325 1563 438 1595 quum
463 1552 632 1587 homines
649 1563 717 1596 per
734 1552 1000 1588 Prometheum

323 1597 484 1632 Vulcani
521 1599 560 1632 et
588 1597 776 1632 Minervae
808 1599 926 1632 artem
957 1609 1000 1632 ac

324 1643 547 1687 sapientiam
573 1642 819 1686 accepissent,
844 1644 1000 1693 propter

324 1687 425 1730 quod
451 1699 585 1722 munus
611 1687 760 1722 divinae
787 1688 895 1722 scitis
913 1699 995 1732 par—

323 1733 456 1776 ticipes
486 1732 578 1766 facti
615 1743 693 1767 esse
724 1732 916 1774 dicuntur,
954 1734 999 1767 113

324 1789 407 1812 011111
433 1777 655 1812 caelestibus
679 1789 705 1811 s.
733 1777 802 1811 diis
829 1778 1001 1821 cognatio

325 1824 417 1865 erat,
445 1833 518 1857 non
542 1832 630 1856 vero
649 1832 731 1856 cum
750 1822 833 1864 deo,
860 1825 897 1857 et
913 1823 1000 1857 Pro-

322 1871 474 1911 tagoras
512 1867 626 1902 etiam
664 1877 726 1901 eos
766 1868 847 1902 vult
884 1868 1000 1903 credi-

323 1912 377 1947 dis
363 1923 419 1946 sse
445 1912 535 1947 deos
549 1923 653 1968 esse,
678 1923 753 1947 non
779 1913 901 1948 deum.

370 1962 399 1992 1.
430 1957 509 1992 καὶ
542 1954 778 2001 ἐπεχείρει
811 1959 914 2001 βωμ.
940 1959 999 2003 —]

321 2002 406 2037 Non
430 2002 470 2036 id
495 2001 587 2036 dicit
610 2002 857 2046 Protagoras,
883 2002 999 2036 homi-

322 2058 407 2081 nem
426 2046 651 2096 simulatque
675 2047 802 2091 ignem
829 2049 867 2081 et
890 2047 997 2081 facti-

321 2092 522 2126 tandarum
549 2091 687 2126 artium
713 2091 919 2126 sollertiam
937 2103 997 2127 ac-

322 2137 481 2181 ceperit,
520 2136 686 2171 omnium
717 2136 879 2181 primum
917 2148 998 2172 aras

323 2183 360 2217 et
407 2181 605 2216 simulacra
659 2181 814 2216 deorum
862 2183 997 2216 consti-

321 2227 455 2269 tuisse,
496 2227 577 2260 tum
614 2237 743 2260 vocem
781 2227 997 2262 articulasse

323 2275 360 2307 et
387 2272 503 2306 verba
535 2271 803 2314 conformasse,
837 2271 997 2323 denique

320 2328 378 2367 res
410 2316 458 2351 ad
488 2316 603 2351 vitam
636 2318 862 2352 necessarias
895 2317 997 2352 inve-

318 2362 434 2412 nisse,
473 2361 538 2395 sed
574 2372 671 2404 quae
707 2361 817 2395 homo
856 2363 913 2396 vel
950 2363 997 2397 ab

321 2406 422 2440 omni
436 2406 613 2441 societate
629 2405 728 2440 civili
741 2408 923 2441 remotus
915 2419 998 2451 ipsa

322 2451 470 2486 divinae
509 2451 617 2485 sortis
661 2452 995 2487 communicatione

319 2499 468 2531 secutus
508 2507 586 2531 esse
627 2496 816 2538 videatur,
859 2508 903 2531 ea
942 2498 997 2532 ita

321 2542 532 2583 enumerat,
572 2542 613 2574 ut
645 2552 667 2575 a
700 2541 855 2575 deorum
892 2543 995 2576 cultu

318 2586 486 2631 incipiat,
507 2583 693 2621 ἐντεῦθεν
712 2584 782 2630 γὰρ
802 2583 994 2631 ἄρχεσθαι

321 2633 477 2666 δίκαιον
504 2632 629 2674 (Isocr.
659 2635 689 2672 7,
715 2634 784 2673 29).
823 2631 995 2666 Ceterum

321 2676 436 2710 etiam
455 2675 606 2711 Graecis
626 2676 833 2718 antiquitus
858 2689 926 2721 pro
952 2678 996 2711 si-

318 2721 496 2755 mulacris
522 2721 675 2755 deorum
701 2721 844 2764 lapides
870 2725 907 2756 et
932 2723 996 2757 sti-

318 2765 415 2810 pites
446 2765 557 2800 fuisse
590 2766 744 2801 tradunt
774 2765 931 2801 Pausan.
965 2772 996 2803 7.

318 2815 372 2851 22,
402 2814 433 2845 4.
477 2810 558 2847 Dio.
585 2811 711 2854 Chrys.
743 2821 793 2845 or.
821 2816 860 2845 12
891 2812 934 2856 (Ι.
956 2825 995 2857 p.

1117 1510 1148 1541 6.
1175 1502 1453 1541 ἀπώλλυντο
1484 1501 1567 1542 οὖν
1600 1502 1690 1541 ὑπὸ
1718 1519 1749 1540 τ.

1071 1552 1190 1597 finon]
1217 1552 1258 1586 In
1278 1551 1434 1586 Politico
1456 1563 1492 1596 p.
1502 1551 1610 1587 274ss
1625 1551 1751 1585 dieun-

1069 1598 1130 1631 1111
1164 1594 1335 1631 1101111ῃο3
1373 1597 1531 1631 Saturno
1567 1598 1749 1641 regnante

1071 1641 1241 1676 omnibus
1266 1641 1381 1685 copiis
1406 1641 1504 1675 ultro
1531 1640 1667 1677 oblatis
1685 1641 1749 1679 ab-

1069 1687 1229 1721 undasse
1267 1688 1305 1721 et
1342 1698 1426 1721 cum
1462 1686 1599 1721 belluis
1633 1686 1749 1720 inter-

1070 1743 1142 1775 que
1169 1742 1207 1766 se
1233 1731 1498 1766 commercium
1521 1731 1749 1766 tutissimum

1071 1776 1257 1819 habuisse,
1283 1776 1348 1811 sed
1374 1777 1461 1811 Iove
1485 1787 1609 1811 rerum
1626 1775 1746 1821 potito

1071 1822 1314 1857 vehementer
1331 1821 1519 1855 laborasse
1545 1822 1583 1855 et
1607 1820 1749 1856 bellua·

1070 1877 1152 1901 rum
1178 1866 1338 1901 saevitia
1361 1868 1399 1900 et
1417 1866 1585 1901 ciborum
1601 1865 1746 1910 inopia3

1069 1912 1116 1947 cf.
1144 1911 1189 1946 de
1214 1911 1286 1955 leg.
1311 1923 1346 1955 p.
1374 1915 1450 1946 677.

1115 1982 1167 2016 11
1205 1973 1398 2022 ἐζήτουν
1434 1977 1486 2022 δή
1522 1974 1613 2020 ἆθρ
1624 1990 1668 2011 οι
1664 1978 1748 2020 ζε-

1069 2025 1160 2057 σθα
1171 2023 1199 2066 ι]
1211 2021 1332 2064 Quum
1345 2022 1525 2064 homines,
1539 2022 1644 2057 nulla
1658 2021 1747 2056 dum

1068 2068 1246 2102 societate
1271 2067 1370 2102 111101
1395 2078 1432 2102 30
1458 2066 1748 2109 001111111011,1111-

1068 2114 1198 2157 petum
1214 2113 1377 2147 ferarum
1396 2123 1464 2147 nec
1482 2112 1665 2146 sustinere
1679 2123 1748 2147 nec

1069 2168 1195 2192 arcere
1220 2158 1407 2200 valerent,
1434 2157 1575 2191 factum
1601 2157 1681 2197 031,
1705 2158 1748 2191 111

1069 2203 1248 2246 cuperent
1285 2202 1506 2247 congregari
1542 2204 1579 2237 01
1615 2201 1653 2235 in
1686 2213 1747 2236 ur-

1068 2247 1178 2282 bibus
1201 2247 1273 2282 tuti
1290 2247 1474 2282 habitare.
1500 2246 1668 2282 Verbum
1687 2249 1746 2289 ζη-

1070 2297 1170 2332 τεῖν,
1209 2292 1425 2336 cupiendi
1462 2303 1489 2326 3.
1527 2291 1747 2326 studendi

1069 2337 1341 2382 significatione
1381 2338 1623 2387 usurpatum,
1665 2336 1747 2370 illu-

1069 2383 1202 2417 stravit
1226 2381 1454 2417 Heusdius
1481 2381 1640 2426 Specim.
1666 2382 1745 2416 crit.

1067 2439 1101 2472 p
1130 2432 1194 2463 104
1206 2438 1262 2470 sq
1288 2427 1418 2462 Stallb.

1113 2498 1165 2529 14.
1193 2495 1353 2534 δείσας
1383 2493 1488 2537 περὶ
1520 2493 1577 2540 τῷ
1612 2492 1746 2537 γένει

1066 2536 1221 2595 ἡμῶν],
1235 2539 1368 2591 Supra
1378 2550 1412 2582 p.
1440 2532 1576 2574 320A:
1605 2538 1746 2579 δεδιώς

1065 2585 1153 2628 περὶ
1173 2582 1304 2625 αυτοῦ,
1321 2582 1370 2628 μὴ
1393 2583 1612 2629 διαφθαρῇ.
1632 2583 1745 2618 Utra-

1067 2640 1138 2672 que
1152 2612 1340 2663 structuia
1352 2631 1539 2671 frequens
1554 2640 1589 2666 v
1604 2627 1742 2662 Hein-

1067 2674 1181 2708 dorf.
1207 2673 1255 2708 ad
1291 2673 1515 2718 Euthydem.
1550 2685 1587 2717 p.
1613 2677 1678 2708 275
1703 2673 1744 2715 B,

1067 2720 1131 2762 qui
1165 2720 1378 2762 φοβεῖσθαι
1404 2720 1441 2753 01
1466 2722 1633 2762 θαρρεῖν
1658 2727 1742 2751 0011-

1067 2763 1159 2798 strui
1198 2764 1323 2798 docuit
1366 2775 1449 2798 cum
1485 2765 1575 2807 περί
1613 2762 1743 2797 addito

1066 2808 1176 2842 modo
1194 2809 1319 2852 tertio,
1332 2809 1443 2843 modo
1462 2808 1622 2843 secundo
1642 2818 1742 2843 casu.

1067 2853 1194 2890 Stallb.
