1939 3214
331 117 356 158 8
843 114 1210 150 PROLEGOMENA

331 215 479 257 scribit
510 214 613 269 (vid.
637 216 826 255 annotat.
852 214 923 268 15)
955 230 980 256 a
1010 214 1225 269 discipulis
1257 215 1342 256 suis
1373 215 1417 256 in
1448 216 1641 257 manibus
1672 217 1746 257 ha-

332 272 469 313 bitum
500 285 548 312 ac
579 284 713 324 paene
742 271 787 311 in
818 271 914 312 sinu
944 273 1155 325 gestatum
1189 285 1300 324 esse,
1334 271 1368 311 is
1399 270 1468 312 hic
1499 271 1748 325 disputatio-

332 328 400 369 nis
431 341 599 368 cursum
629 327 826 380 impedit,
867 329 915 367 ut
945 328 995 367 de
1025 327 1199 381 propria
1230 327 1494 382 singulorum
1525 328 1747 369 vocabulo-

331 398 426 424 rum
467 384 508 424 vi
546 386 588 423 et
627 383 805 423 notione
843 382 1023 423 disserat
1053 382 1112 437 (p.
1144 383 1224 424 337
1248 385 1323 436 A),
1362 383 1407 423 in
1438 396 1568 437 eaque
1598 398 1663 434 re,
1703 383 1749 423 in

334 454 460 494 quam
490 439 652 492 primus
683 439 867 479 studiose
897 438 1131 493 inquisivit,
1163 441 1251 479 tam
1283 439 1441 479 otiosus
1464 440 1505 478 et
1525 438 1652 485 hebes
1675 442 1749 491 est,

336 497 383 536 ut
402 495 479 535 tali
496 494 770 535 distinctione
788 496 1045 535 sententiam
1067 494 1134 534 vel
1151 495 1331 535 maxime
1352 494 1616 548 perspicuam
1636 495 1750 548 peni-

336 555 406 592 tus
422 552 667 603 corrumpat
685 550 743 603 (p.
760 550 835 591 341
862 549 935 604 D).
982 549 1150 590 Festivo
1172 550 1303 604 igitur
1326 550 1501 605 ingenio
1520 563 1594 590 suo
1617 550 1753 591 indul-

335 607 438 647 sisse
459 605 673 659 putandus
691 608 754 646 est
771 605 1065 659 philosophus,
1092 608 1138 647 ut
1159 607 1522 659 opportunitatem
1539 605 1753 660 sophistae

334 663 437 703 risui
469 660 699 702 obiiciendi
718 661 1039 714 adipisceretur.
1085 660 1232 715 Neque
1250 661 1523 717 Protagorae,
1542 665 1589 702 ut
1607 662 1691 702 iam
1709 661 1754 702 in

335 718 604 772 praefatione
620 731 662 770 p.
680 716 763 758 VII
780 717 926 771 paucis
948 717 1142 770 indicavi,
1173 717 1218 758 in
1241 718 1321 759 hoc
1342 718 1450 758 libro
1472 720 1754 771 temperatum

341 778 417 815 est.
481 772 654 815 Summo
693 773 764 813 ille
803 773 972 826 quidem
1013 773 1174 814 honore
1214 774 1399 815 afficitur
1429 774 1550 827 eique
1581 773 1631 814 de
1662 786 1755 828 gra-

338 829 524 872 vissimis
562 829 687 869 rebus
727 830 816 869 tam
847 829 1025 870 eximiae
1057 830 1295 870 sententiae
1326 829 1572 870 tribuuntur
1602 832 1644 870 et
1674 828 1755 870 elo-

338 886 514 940 quentia
543 899 641 926 vere
673 885 857 926 oratoria
888 887 1170 938 exponuntur,
1201 889 1248 927 ut
1268 886 1428 927 fuerint
1448 886 1520 939 qui
1541 885 1755 939 sophistae

335 942 541 996 partibus,
573 955 659 982 non
682 940 883 994 Socratis,
917 941 1139 982 Platonem
1171 955 1219 982 ea
1249 956 1355 995 quae
1381 942 1470 996 ipse
1491 942 1758 995 probavisset

335 999 607 1051 adscripsisse
643 997 898 1048 iudicarent,
939 997 1012 1038 sed
1054 998 1105 1038 ab
1142 998 1234 1051 ipsa
1272 998 1411 1038 media
1448 997 1607 1051 dialogi
1637 999 1758 1050 parte

334 1054 449 1095 illius
482 1055 616 1094 status
647 1054 806 1094 sensim
835 1054 881 1094 in
912 1053 1164 1096 deteriorem
1195 1054 1488 1094 condicionem
1509 1053 1759 1093 immutatur

337 1110 558 1162 omnisque
591 1109 792 1150 dilabitur
823 1109 1007 1163 dignitas
1039 1112 1081 1150 et
1101 1109 1357 1164 Protagoras
1377 1109 1540 1150 homini
1560 1108 1759 1162 imperito

340 1165 595 1219 consiliique
632 1166 751 1219 inopi
789 1165 835 1205 in
873 1179 1007 1218 aequo
1038 1166 1224 1219 ponitur.
1285 1165 1480 1219 Namque
1511 1164 1633 1206 Plato
1666 1178 1760 1205 eum

337 1221 407 1263 hic
438 1222 484 1262 in
514 1220 746 1262 dialecticis
777 1224 865 1262 tam
895 1221 1224 1263 inexercitatum
1255 1222 1388 1262 videri
1419 1221 1571 1272 voluit,
1614 1221 1685 1274 qui
1716 1234 1759 1260 se

342 1278 470 1319 vafris
499 1277 910 1331 interrogationibus
930 1277 1087 1319 irretiri
1118 1280 1160 1318 et
1190 1277 1549 1318 conclusiunculis
1578 1276 1761 1330 turpiter

342 1334 455 1374 eludi
486 1347 574 1374 non
606 1334 804 1386 sentiret,
844 1335 891 1374 ut
921 1336 963 1374 et
993 1334 1084 1387 ipse
1116 1336 1157 1374 et
1186 1348 1271 1374 una
1301 1347 1397 1374 cum
1429 1347 1477 1374 eo
1509 1346 1596 1383 ars⁷
1636 1345 1762 1386 quam

339 1388 606 1442 condiderat,
653 1389 885 1443 sophistica
931 1404 955 1429 a
996 1391 1169 1431 Socrate
1215 1389 1510 1430 concideretur
1548 1401 1762 1441 unumque

341 1460 483 1487 verum
528 1445 698 1486 virtutis
744 1446 993 1499 magistrum
1039 1444 1254 1487 Socratem
1299 1459 1389 1486 esse
1434 1444 1760 1498 intelligeretur.

343 1502 575 1555 Nunquam
614 1515 714 1542 vero
753 1501 945 1555 sophista
982 1501 1268 1543 adversarium
1306 1502 1469 1542 laturus
1507 1500 1660 1541 fuisset
1690 1499 1764 1540 tali

345 1557 509 1598 ratione
540 1557 679 1598 verbis
710 1571 853 1597 secum
884 1560 1130 1611 certantem,
1162 1557 1278 1611 quali
1308 1557 1378 1598 hie
1408 1571 1502 1597 cum
1532 1557 1762 1610 personato

343 1613 582 1667 Protagora
604 1612 798 1654 Socrates
829 1613 1052 1667 disceptat,
1086 1614 1157 1668 qui
1178 1628 1218 1667 p.
1241 1613 1320 1655 331
1345 1614 1396 1663 A,
1428 1615 1475 1653 ut
1495 1612 1701 1652 iustitiam
1723 1614 1766 1659 et

342 1670 546 1723 pietatem
568 1683 698 1710 unum
719 1669 914 1722 idemque
937 1683 1026 1710 esse
1049 1669 1216 1719 efficiat,
1238 1669 1299 1710 ita
1320 1670 1661 1723 argumentatur:
1694 1667 1766 1721 qui

344 1726 519 1766 virtutes
557 1725 667 1766 inter
704 1739 747 1765 se
780 1725 947 1766 differre
978 1728 1124 1766 censet
1154 1739 1290 1779 neque
1320 1725 1531 1766 iustitiam
1564 1726 1606 1764 et
1634 1723 1766 1777 pieta-

344 1784 431 1823 tem
469 1794 546 1835 pro
585 1795 670 1822 una
708 1781 935 1835 eademque
975 1796 1018 1822 re
1056 1781 1203 1832 habet,
1248 1782 1283 1822 is
1325 1781 1528 1834 pietatem
1559 1793 1648 1820 rem
1679 1792 1767 1819 non

348 1839 522 1891 iustam,
562 1851 683 1891 ergo
723 1837 948 1891 iniustam,
993 1839 1036 1878 et
1074 1838 1280 1879 iustitiam
1318 1851 1407 1877 rem
1445 1835 1620 1889 impiam
1651 1835 1765 1875 dicit.

345 1893 503 1935 Similis
543 1893 791 1947 disputandi
828 1893 936 1934 ratio
974 1893 1190 1934 invenitur
1225 1908 1268 1946 p.
1300 1893 1383 1934 332
1405 1894 1456 1933 A.
1517 1891 1582 1931 Ibi
1622 1890 1767 1931 multis

345 1950 608 2003 argumentis
644 1949 755 2003 quod
791 1963 865 2002 per
906 1962 949 1989 se
988 1949 1121 2003 liquet
1158 1949 1374 2002 probavit,
1415 1946 1686 2001 ἀφροσύνην
1727 1949 1769 1987 et

347 2004 651 2058 σωφροσύνην
697 2004 933 2046 contrarias
979 2018 1090 2058 esse,
1137 2008 1182 2045 at
1219 2005 1330 2058 quod
1370 2003 1636 2058 probandum
1674 2002 1768 2055 fuit,

347 2059 588 2115 ἀφροσύνῃ
624 2075 797 2114 prorsus
835 2074 926 2101 esse
958 2061 1199 2115 oppositam
1232 2061 1421 2114 σοφίαν,
1460 2073 1567 2113 quae
1600 2057 1768 2112 quidem

349 2117 562 2158 contraria
593 2119 657 2157 est
688 2114 858 2171 ἀμαθίᾳ
889 2115 1101 2171 (Sympos.
1123 2117 1206 2157 202
1226 2117 1308 2171 A),
1341 2115 1419 2157 hoc
1448 2129 1525 2169 pro
1557 2117 1671 2156 certo
1702 2129 1769 2155 su-

347 2173 491 2213 mitur.
959 2199 962 2202 ι

461 2227 513 2268 In
543 2228 774 2270 Theaeteto
806 2243 845 2282 p.
870 2229 946 2270 167
969 2229 1005 2270 E
1037 2228 1293 2283 Protagoras
1323 2227 1500 2282 fingitur
1530 2225 1683 2276 vereri,
1716 2239 1771 2265 ne

351 2284 546 2326 Socrates
586 2287 735 2326 contra
775 2298 894 2325 suam
933 2285 1169 2327 doctrinam
1209 2284 1430 2337 disputans
1469 2282 1536 2323 vel
1566 2283 1771 2336 perpetua

352 2341 542 2382 oratione
572 2341 640 2381 vel
670 2341 976 2394 interrogando
999 2366 1052 2372 —-
1073 2341 1283 2395 posterius
1315 2339 1428 2381 enim
1460 2338 1548 2379 viro
1570 2337 1770 2392 prudenti

353 2496 413 2521 ces
445 2485 649 2529 distingere
682 2485 833 2528 dicitur,
867 2486 913 2520 ab
945 2486 1082 2529 iniquis
1114 2483 1449 2520 obtrectationibus
1481 2481 1691 2516 vindicatus
1716 2481 1773 2515 est

353 2530 541 2565 Welckeri
565 2530 956 2572 commentationibus,
983 2541 1079 2573 quae
1105 2529 1283 2565 collectae
1307 2528 1492 2562 habentur
1515 2528 1554 2561 in
1579 2525 1770 2560 Welcker:

353 2575 485 2610 Kleine
511 2575 695 2610 Schriften
714 2575 833 2617 (Bonn
853 2578 952 2616 1845)
969 2575 1011 2617 ΙΙ,
1029 2578 1217 2610 393—-541,
1261 2572 1415 2607 Praeter
1441 2583 1524 2606 eum
1550 2571 1595 2605 de
1620 2570 1690 2620 ho'c
1715 2581 1772 2620 so-

354 2621 480 2663 phista
504 2620 731 2662 scripserunt
755 2619 792 2657 C.
810 2619 867 2656 Fr.
886 2620 1076 2654 Hermann
1103 2619 1295 2664 (disputat.
1323 2618 1368 2652 de
1388 2616 1549 2651 Socratis
1573 2618 1771 2659 magistris.

355 2665 532 2708 Marburg
559 2668 672 2707 1837),
698 2664 782 2700 Chr.
808 2664 984 2699 Hummel
1010 2665 1166 2707 (quaest.
1192 2663 1237 2697 de
1261 2661 1417 2696 Prodico
1443 2660 1618 2704 sophista.
1652 2659 1772 2703 Lugd.

355 2709 437 2747 Bat.
463 2712 585 2751 1847),
613 2709 766 2754 Cougny
792 2709 851 2753 (de
876 2709 1032 2743 Prodico
1059 2709 1131 2744 Ceo
1157 2707 1317 2742 Socratis
1341 2706 1520 2750 magistro
1546 2706 1584 2755 et
1608 2706 1773 2754 anteces-

356 2764 450 2789 sore.
497 2753 613 2788 Paris.
638 2758 738 2796 1857)
774 2755 820 2788 al.
846 2773 889 2779 -
922 2753 976 2788 De
1006 2753 1079 2788 illis
1112 2751 1273 2788 Socratis
1305 2749 1691 2795 argumentationibus
1722 2759 1773 2782 vi-

356 2799 459 2833 tiosis
482 2798 557 2833 vid.
581 2798 710 2833 Bonitz
735 2798 830 2833 Plat.
858 2798 953 2833 stud.
982 2809 1017 2842 p.
1043 2802 1118 2834 297.
