1939 3214
302 159 357 201 88
928 158 1165 213 PLATONIS

303 261 378 300 καὶ
425 259 704 313 σκυτοτόμου
747 260 1138 314 συμβουλεύοντος
1176 258 1229 301 τά
1267 262 1497 315 πολιτικά,
1544 263 1618 303 καὶ
1657 260 1726 303 ὅτι

249 327 282 361 D
308 327 523 369 διδακτὸν
570 327 644 368 καὶ
681 325 1052 380 παρασκευαστὸν
1088 324 1304 381 ἡγοῦνται
1335 326 1514 382 ἀρετήν,
1561 327 1726 371 ἀποδέ-

305 396 480 436 δεικταί
507 406 599 447 σοι,
634 388 669 435 (5
702 392 956 449 Σώκρατες,
992 394 1168 448 ἱκανῶς,
1202 393 1260 443 ὥς
1290 393 1333 448 γ’
1375 393 1472 447 ἐμοὶ
1503 399 1726 450 φαίνεται.

422 461 523 516 Cap.
556 461 674 503 XIV.
715 460 810 502 ”Eu
849 460 901 515 δὴ
946 460 1073 514 λοιπὴ
1104 458 1130 515 ἡ
1163 459 1327 515 ἀπορία
1360 461 1496 515 ἐστίν,
1527 461 1586 517 ἣν
1617 462 1729 505 ἄπο-

308 535 399 582 ρεῖς
430 528 531 582 περὶ
563 531 653 569 τῶν
685 527 869 583 ἀνδρῶν
899 531 991 570 τῶν
1020 526 1221 581 ἀγαθῶν,
1254 530 1300 570 τί
1316 528 1480 583 δήποτε
1502 529 1548 571 οἱ
1565 527 1728 584 ἄνδρες

307 596 354 637 οἱ
387 593 552 649 ἀγαθοὶ
589 593 641 636 τά
679 595 762 649 μὲν
800 594 915 636 ἄλλα
951 593 1054 645 τοὺς
1093 593 1245 637 αὐτῶν
1275 596 1387 646 υἱεῖς
1418 596 1729 650 διδάσκουσιν,

310 659 337 703 ἂ
370 661 655 703 διδασκάλων
687 663 829 716 ἔχεται
860 662 934 704 καὶ
967 661 1139 717 σοφούς
1170 666 1393 717 ποιοῦσιν,
1433 662 1491 718 ἣν
1523 665 1571 706 δὲ
1603 662 1733 706 αὐτοὶ

311 727 477 784 ἀρετὴν
517 728 706 784 ἀγαθοί,
746 728 933 779 οὐδενὸς
967 731 1172 784 βελτίους
1211 734 1408 772 ποιοῦσι.
1469 732 1637 773 τούτου
1677 728 1731 784 δὴ

311 797 428 852 πέρι,
461 789 496 838 ὦ
528 797 791 852 Σώκρατες,
825 796 973 839 οὐκέτι
1004 797 1156 852 μῦθόν
1187 809 1258 840 σοι
1291 799 1400 852 ε’ρώ,
1440 797 1553 840 ἄλλα
1584 797 1734 851 λόγον.

309 858 397 906 ὦδε
432 863 518 919 γαρ
559 865 792 919 ἐννόησον.
854 864 1058 916 Πότερον
1096 867 1189 906 ἔστι
1227 881 1268 906 τι
1308 865 1373 919 ἔν,
1409 862 1439 918 ἢ
1478 864 1561 906 οὐκ
1594 866 1730 916 ἔστιν,

255 941 285 975 Ε
312 924 368 973 οὗ
399 929 647 984 ἀναγκαῖον
677 931 847 980 πάντας
867 930 971 980 τοὺς
992 932 1174 979 πολίτας
1194 932 1405 985 μετέχειν,
1441 935 1564 979 εἴπερ
1586 930 1736 984 με’λλει

312 997 442 1046 πόλις
482 995 616 1053 εἶναι,
657 997 707 1040 ἐν
745 998 889 1052 τούτῳ
927 997 1012 1051 γὰρ
1050 997 1160 1051 αὕτη
1200 998 1353 1039 λύεται
1390 1014 1415 1050 η
1457 996 1637 1049 ἀπορία,
1677 993 1737 1048 ἣν

316 1065 373 1106 σὺ
411 1063 613 1118 ἀπορεῖς,
651 1062 680 1118 ἢ
719 1063 881 1106 ἄλλοθι
922 1063 1136 1118 οὐδαμοῦ.
1199 1064 1239 1104 εἰ
1275 1063 1357 1118 μὲν
1395 1061 1480 1116 γὰρ
1513 1064 1631 1116 ἔστι,
1663 1059 1739 1102 καὶ

317 1132 450 1174 τοῦτό
484 1132 577 1174 ἐστι
608 1131 657 1173 τὸ
689 1132 741 1173 ἓν
773 1130 825 1172 οὐ
854 1130 1088 1185 τεκτονική
1121 1129 1226 1173 οὐδὲ
1257 1132 1439 1185 χαλκεία
1470 1128 1577 1172 οὐδὲ
1605 1145 1741 1183 κερα-

316 1201 432 1254 μεία,
466 1197 581 1240 ἄλλα
603 1199 865 1252 δικαιοσύνη
889 1198 964 1240 καὶ
985 1198 1261 1254 σωφροσύνη
1283 1197 1358 1240 καὶ
1380 1196 1430 1239 τὸ
1456 1197 1583 1239 ὅσιον
1606 1193 1736 1249 εἶναι,

225 1281 292 1314 325
318 1266 392 1309 καὶ
424 1266 685 1320 συλλήβδην
717 1267 765 1308 ἓν
797 1265 905 1308 αύτό
937 1266 1262 1321 προσαγορεύω
1296 1261 1412 1306 εἶναι
1442 1262 1608 1318 ἀνδρὸς
1638 1262 1738 1317 ἄρε-

434 1405 465 1436 3.
493 1395 548 1441 ὥς
582 1397 617 1445 γ’
654 1398 755 1444 ἐμοὶ
781 1401 828 1435 T:
862 1396 910 1440 ὦς
936 1400 977 1445 γε’
1003 1414 1065 1451 μοι
1091 1401 1132 1437 B.
1266 1397 1401 1443 λοιπὴ
1437 1397 1460 1444 ἡ
1496 1397 1669 1442 ἀπορία
1696 1399 1741 1433 de

317 1446 524 1481 Heindorfii
556 1445 769 1480 coniectura
798 1446 946 1496 scripsi,
981 1457 1039 1480 0111
1065 1446 1178 1479 etiam
1202 1445 1353 1479 Lobeek
1377 1444 1583 1499 Paralip.1
1616 1455 1651 1494 p
1677 1447 1741 1478 512

317 1491 431 1526 tacite
459 1502 628 1525 assensus
654 1492 721 1526 est.
761 1490 863 1525 Libri
889 1489 1003 1535 λοιπὴ
1032 1487 1187 1535 ἀπορία.
1231 1490 1303 1524 Sed
1322 1490 1497 1524 articulus
1515 1487 1551 1533 ἡ,
1578 1500 1642 1533 qul
1658 1488 1744 1532 post

319 1535 434 1581 λοιπή
459 1535 567 1570 facile
593 1536 814 1570 intercidere
839 1536 975 1580 potuit,
1003 1546 1095 1580 opus
1120 1536 1270 1570 videtur
1295 1546 1384 1578 esse,
1410 1546 1443 1569 V.
1470 1545 1550 1569 ann.

320 1646 647 1702 βουλεύοντος]
674 1647 775 1681 Infra
799 1659 836 1691 p.
863 1652 927 1682 339
948 1647 996 1681 D:

319 1690 367 1746 ού
407 1705 538 1748 φησιν
568 1690 835 1736 ἀποδέχεσθαι
879 1691 998 1727 αὐτοῦ

318 1737 365 1773 τὰ
392 1751 492 1773 αυτα
520 1734 642 1796 ἑαυτῷ
671 1738 709 1771 λε’
714 1750 859 1782 γ,οντος
886 1738 997 1772 Isocr.

320 1794 372 1820 or.
396 1787 451 1824 21,
481 1786 540 1817 18.
580 1781 615 1817 ει
647 1752 891 1825 ἀποδέξεσθε
923 1784 996 1817 τῶν

320 1827 367 1863 τὰ
393 1828 554 1862 τοιαῦτα
582 1826 779 1871 λεγόντων.
799 1839 833 1864 v
849 1827 894 1862 de
909 1827 997 1871 Leg.

322 1885 358 1918 p.
386 1876 451 1907 634
477 1873 515 1909 C
542 1872 682 1926 ibique
696 1872 826 1906 stam).

367 1922 400 1952 4.
431 1915 570 1961 λοιπὴ
606 1917 625 1960 ἡ
659 1914 833 1961 αποριά
860 1918 917 1961 —]
945 1927 1001 1950 re-

325 1964 401 1997 stat
432 1963 498 1996 illa
528 1964 595 1996 tua
625 1963 810 1996 dubitatio
844 1962 888 1996 de
914 1962 1002 1995 viris

323 2007 443 2049 bonis,
470 2018 585 2050 quare
611 2008 680 2041 etc.
724 2007 891 2051 Respicit
914 2006 1003 2040 Pro-

326 2056 479 2097 tagoras
521 2051 684 2086 Socratis
726 2051 1001 2085 dubitationem

323 2109 358 2141 p.
370 2097 473 2131 319E
488 2096 720 2141 propositam
735 2106 893 2138 eamque
907 2107 1003 2130 nunc

323 2142 560 2176 discussurus
585 2142 652 2176 est.

371 2190 400 2220 6.
419 2183 741 2220 διδάσκουσιν
760 2181 782 2219 ὁὶ
803 2185 1001 2229 deducam]

324 2231 518 2265 institui
544 2232 587 2265 et
618 2230 796 2265 erudiri
827 2230 1002 2267 iubent

325 2276 510 2310 Usitatius
534 2275 604 2309 1100
628 2275 666 2309 in
691 2285 829 2325 genere
848 2276 904 2309 est
921 2285 1001 2309 ver

326 2321 412 2355 bum
439 2321 614 2355 1110ᾶί11111.
651 2321 699 2354 Et
717 2331 802 2354 mox
819 2331 897 2372 ipse
914 2320 1003 2354 Pro-

327 2367 498 2417 tagoras·
525 2379 571 2399 τα
590 2363 659 2409 μὲν
679 2363 776 2399 α’λλα
785 2362 1002 2419 διδάσκρν-

328 2423 392 2445 ται
419 2408 508 2450 τοὺς
534 2409 646 2453 υἱεῖς,
675 2411 713 2444 et
729 2410 851 2444 ταῦτα
871 2405 907 2443 δ
930 2406 1004 2452 ἄρα

329 2469 373 2490 ου
390 2438 658 2491 διδάσκονται.
686 2454 755 2489 Sed
771 2455 892 2488 activo
906 2466 1003 2488 nunc

329 2499 458 2543 utitur,
483 2501 524 2534 ut
547 2511 662 2557 supra
679 2511 714 2544 p.
734 2499 861 2533 3-20A:
889 2502 1002 2542 Περι-

332 2546 434 2589 κλῆς,
462 2545 480 2579 ὁ
506 2545 666 2580 τουτωνὶ
692 2543 766 2578 τῶν
791 2545 1003 2578 νεανίσκων

330 2590 468 2634 πατήρ,
488 2589 661 2631 τούτους,
687 2603 710 2623 α
729 2587 774 2633 μὲ
760 2602 800 2623 ν
819 2585 1003 2622 διδασκά-

329 2638 403 2669 λων
430 2637 568 2679 ειχετο,
588 2635 712 2674 καλῶς
738 2634 804 2668 καὶ
831 2632 872 2668 εὐ
900 2631 1005 2668 ἐπαί-

334 2680 482 2714 δευσεν.
533 2679 625 2714 Ibid.
660 2677 929 2722 καταθέμενος
966 2676 1005 2713 ἐν

326 2722 544 2767 Ἀρίφρονος
556 2721 750 2758 ἐπαίδευε
766 2722 864 2757 Men.
871 2735 905 2767 p.
908 2723 1004 2777 94A,

331 2769 398 2802 ubi
417 2781 451 2812 p.
475 2769 559 2802 93D
588 2769 729 2803 dictum
754 2765 874 2802 αυτὸν
900 2764 1004 2802 ἐπαι-

333 2811 510 2856 δεύσατο,
521 2824 670 2858 prorsus
680 2813 1004 2868 eademverbisig-

331 2841 556 2893 nificatioiie.
599 2878 640 2883 —-
683 2853 735 2901 ἦν
781 2857 829 2892 δὲ
871 2856 1002 2893 αὐτοὶ

1069 1645 1240 1691 ἀρετήν
1273 1645 1358 1691 dy..
1394 1657 1442 1683 sc
1476 1645 1562 1683 εἰσί.
1611 1645 1746 1680 Rarior

1069 1692 1219 1746 ellipsis
1233 1704 1259 1725 1·
1254 1692 1340 1726 vtio.
1366 1690 1495 1726 ›SQtallb

1113 1741 1144 1771 9.
1171 1734 1336 1771 οὐκέτ-ι
1363 1737 1529 1780 μῦθον]
1556 1735 1745 1786 1011101101·

1068 1782 1169 1816 loeus
1200 1781 1378 1816 orationis
1409 1781 1464 1816 ita
1495 1780 1605 1814 modo
1630 1779 1668 1814 in
1692 1780 1746 1814 fa-

1069 1827 1157 1861 bula
1196 1827 1426 1870 Protagorae
1467 1826 1615 1867 haeret,
1658 1825 1748 1868 quia

1069 1871 1236 1915 sophista
1273 1872 1450 1905 virtutem
1481 1882 1503 1904 a
1535 1870 1622 1904 Iove
1657 1880 1746 1913 pro—

1070 1917 1208 1950 fectam
1249 1926 1327 1951 esse
1368 1916 1521 1958 eiusque
1562 1915 1661 1948 iussu
1699 1914 1746 1947 ab

1072 1962 1244 1995 omnibus
1284 1960 1447 1994 exerceri
1488 1959 1593 1993 dixit.
1651 1958 1746 1992 Hinc

1073 2016 1159 2040 vero
1192 2005 1309 2039 solum
1342 2004 1572 2048 argumentis
1598 2014 1642 2038 ex
1665 2003 1748 2048 ipsa

1072 2062 1112 2084 re
1146 2050 1266 2084 ductis
1291 2061 1328 2084 se
1354 2061 1506 2083 usurum
1531 2059 1610 2083 esse
1634 2048 1746 2093 profi-

1073 2096 1185 2129 tetur.
1223 2096 1276 2128 Ac
1292 2095 1453 2138 primum
1472 2094 1524 2128 sic
1548 2103 1747 2138 argumen-

1074 2141 1194 2174 tatur:
1231 2140 1268 2175 Si
1294 2151 1406 2173 unum
1432 2138 1573 2182 aliquid
1599 2139 1664 2180 est,
1690 2149 1750 2172 011-

1072 2185 1128 2218 ius
1154 2195 1280 2219 omnes
1306 2184 1404 2219 cives
1434 2183 1573 2218 debent
1595 2183 1748 2227 partiei-

1072 2241 1139 2274 pes
1176 2240 1271 2273 esse,
1309 2229 1422 2271 idque
1458 2229 1495 2262 in
1531 2228 1675 2261 iustitia
1712 2229 1750 2261 et

1073 2275 1210 2308 virtute
1247 2274 1431 2316 consistit,
1471 2283 1582 2315 quam
1622 2282 1749 2306 omnes

1074 2319 1243 2354 homines
1262 2318 1434 2353 doctrina
1451 2320 1489 2352 et
1512 2317 1748 2352 institutione

1073 2365 1199 2409 parari
1219 2375 1328 2408 posse
1350 2363 1564 2413 existimant
1579 2364 1625 2404 (c.
1636 2362 1751 2412 XIII),

1076 2409 1252 2450 efficitur,
1284 2410 1325 2442 ut
1354 2407 1417 2442 isti
1445 2407 1514 2442 viri
1543 2406 1649 2449 boni,
1687 2407 1752 2449 qui

1073 2454 1158 2488 filiis
1183 2436 1359 2489 virtutem
1391 2463 1464 2486 non
1494 2452 1664 2491 tradant,
1696 2463 1751 2486 ra-

1073 2499 1180 2533 tione
1207 2499 1322 2543 agant
1346 2497 1435 2531 satis
1459 2497 1565 2530 mira.
1606 2496 1752 2542 Deinde

1076 2546 1119 2594 (0.
1146 2543 1227 2586 XV)
1230 2527 1373 2584 0‚docet
1397 2542 1442 2575 iis
1467 2542 1556 2586 ipsis
1580 2541 1618 2575 id
1642 2551 1750 2585 prae-

1074 2589 1206 2633 cipuae
1242 2598 1321 2621 esse
1354 2597 1482 2629 curae,
1514 2588 1556 2620 ut
1586 2585 1679 2620 filios
1705 2586 1752 2620 ad

1073 2634 1250 2667 virtutem
1276 2632 1477 2674 adducant,
1505 2632 1664 2673 denique
1691 2641 1751 2665 ex-

1075 2678 1208 2722 plicat,
1254 2687 1316 2711 cur
1351 2676 1444 2711 haec
1481 2677 1632 2719 patrum
1663 2686 1752 2709 eura

1076 2732 1187 2766 saepe
1212 2731 1389 2765 prospero
1416 2721 1553 2755 eventu
1578 2721 1716 2757 careat.

1121 2771 1172 2801 16.
1200 2767 1278 2800 καὶ
1311 2765 1589 2819 συλλήβδην
1610 2785 1652 2789 -
1675 2761 1752 2799 ἇν-

1076 2809 1190 2861 δρὸς
1217 2807 1406 2860 ἀρετήν]
1435 2810 1634 2854 denique
1665 2819 1752 2843 uno

1073 2855 1253 2891 nomine
1293 2855 1409 2890 illud
1451 2854 1637 2899 appello
1676 2854 1753 2888 ho-

1757 879 1789 904 10

1761 1213 1795 1239 15
