<?xml version="1.0" encoding="UTF-8"?>
<!DOCTYPE html PUBLIC "-//W3C//DTD XHTML 1.0 Transitional//EN"
    "http://www.w3.org/TR/xhtml1/DTD/xhtml1-transitional.dtd">
<html xmlns="http://www.w3.org/1999/xhtml" xml:lang="en" lang="en">
 <head>
  <title>
</title>
<meta http-equiv="Content-Type" content="text/html;charset=utf-8" />
  <meta name='ocr-system' content='tesseract 3.04.00' />
  <meta name='ocr-capabilities' content='ocr_page ocr_carea ocr_par ocr_line ocrx_word'/>
</head>
<body>
  <div class='ocr_page' id='page_1' title='image "./protagorascumpro00platuoft/protagorascumpro00platuoft_0032.png"; bbox 0 0 1939 3214; ppageno 0'>
   <div class='ocr_carea' id='block_1_1' title="bbox 312 139 1214 185">
    <p class='ocr_par' dir='ltr' id='par_1_1' title="bbox 312 139 1214 185">
     <span class='ocr_line' id='line_1_1' title="bbox 312 139 1214 185; baseline -0.003 -8"><span class='ocrx_word' id='word_1_1' title='bbox 312 144 367 185; x_wconf 80' lang='grc'><strong>20</strong></span> <span class='ocrx_word' id='word_1_2' title='bbox 847 139 1214 176; x_wconf 78' lang='lat' dir='ltr'><strong>PROLEGOMENA</strong></span> 
     </span>
    </p>
   </div>
   <div class='ocr_carea' id='block_1_2' title="bbox 313 240 1753 2879">
    <p class='ocr_par' dir='ltr' id='par_1_2' title="bbox 313 240 1753 2879">
     <span class='ocr_line' id='line_1_2' title="bbox 313 240 1739 299; baseline -0.004 -13"><span class='ocrx_word' id='word_1_3' title='bbox 313 258 460 299; x_wconf 88' lang='lat' dir='ltr'>regere</span> <span class='ocrx_word' id='word_1_4' title='bbox 492 258 541 285; x_wconf 91' lang='lat' dir='ltr'>ac</span> <span class='ocrx_word' id='word_1_5' title='bbox 571 242 781 284; x_wconf 87' lang='lat' dir='ltr'>moderari</span> <span class='ocrx_word' id='word_1_6' title='bbox 812 241 974 295; x_wconf 90' lang='lat' dir='ltr'>debeat,</span> <span class='ocrx_word' id='word_1_7' title='bbox 1007 255 1143 295; x_wconf 90' lang='lat' dir='ltr'>neque</span> <span class='ocrx_word' id='word_1_8' title='bbox 1175 240 1266 282; x_wconf 90' lang='lat' dir='ltr'>fieri</span> <span class='ocrx_word' id='word_1_9' title='bbox 1297 254 1481 294; x_wconf 89' lang='lat' dir='ltr'>unquam</span> <span class='ocrx_word' id='word_1_10' title='bbox 1507 242 1660 295; x_wconf 89' lang='lat' dir='ltr'>potest,</span> <span class='ocrx_word' id='word_1_11' title='bbox 1691 242 1739 282; x_wconf 93' lang='lat' dir='ltr'>ut</span> 
     </span>
     <span class='ocr_line' id='line_1_3' title="bbox 313 297 1738 355; baseline -0.004 -13"><span class='ocrx_word' id='word_1_12' title='bbox 313 302 405 355; x_wconf 88' lang='lat' dir='ltr'>quis</span> <span class='ocrx_word' id='word_1_13' title='bbox 437 315 461 341; x_wconf 92' lang='lat' dir='ltr'>a</span> <span class='ocrx_word' id='word_1_14' title='bbox 490 299 783 353; x_wconf 88' lang='lat' dir='ltr'>voluptatibus</span> <span class='ocrx_word' id='word_1_15' title='bbox 813 298 969 347; x_wconf 90' lang='lat' dir='ltr'>victus,</span> <span class='ocrx_word' id='word_1_16' title='bbox 1002 312 1131 352; x_wconf 89' lang='lat' dir='ltr'>quum</span> <span class='ocrx_word' id='word_1_17' title='bbox 1161 297 1277 338; x_wconf 91' lang='lat' dir='ltr'>bona</span> <span class='ocrx_word' id='word_1_18' title='bbox 1308 299 1562 351; x_wconf 85' lang='lat' dir='ltr'>cognoscat,</span> <span class='ocrx_word' id='word_1_19' title='bbox 1593 299 1738 338; x_wconf 89' lang='lat' dir='ltr'>tamen</span> 
     </span>
     <span class='ocr_line' id='line_1_4' title="bbox 315 353 1737 409; baseline -0.004 -10"><span class='ocrx_word' id='word_1_20' title='bbox 315 357 530 399; x_wconf 87' lang='lat' dir='ltr'>contraria</span> <span class='ocrx_word' id='word_1_21' title='bbox 552 355 853 409; x_wconf 72' lang='lat' dir='ltr'>amplectatur:</span> <span class='ocrx_word' id='word_1_22' title='bbox 886 368 1021 408; x_wconf 89' lang='lat' dir='ltr'>neque</span> <span class='ocrx_word' id='word_1_23' title='bbox 1045 354 1158 394; x_wconf 92' lang='lat' dir='ltr'>enim</span> <span class='ocrx_word' id='word_1_24' title='bbox 1180 354 1405 407; x_wconf 88' lang='lat' dir='ltr'>quisquam</span> <span class='ocrx_word' id='word_1_25' title='bbox 1427 353 1567 394; x_wconf 87' lang='lat' dir='ltr'>sciens</span> <span class='ocrx_word' id='word_1_26' title='bbox 1588 353 1737 404; x_wconf 90' lang='lat' dir='ltr'>malus,</span> 
     </span>
     <span class='ocr_line' id='line_1_5' title="bbox 313 409 1738 467; baseline -0.003 -13"><span class='ocrx_word' id='word_1_27' title='bbox 313 413 382 454; x_wconf 92' lang='lat' dir='ltr'>sed</span> <span class='ocrx_word' id='word_1_28' title='bbox 418 413 489 467; x_wconf 88' lang='lat' dir='ltr'>qui</span> <span class='ocrx_word' id='word_1_29' title='bbox 520 411 728 466; x_wconf 88' lang='lat' dir='ltr'>voluptati</span> <span class='ocrx_word' id='word_1_30' title='bbox 754 411 1076 452; x_wconf 74' lang='lat' dir='ltr'>succumbentes</span> <span class='ocrx_word' id='word_1_31' title='bbox 1099 409 1211 450; x_wconf 90' lang='lat' dir='ltr'>mala</span> <span class='ocrx_word' id='word_1_32' title='bbox 1233 411 1482 463; x_wconf 86' lang='lat' dir='ltr'>sequuntur,</span> <span class='ocrx_word' id='word_1_33' title='bbox 1514 409 1544 450; x_wconf 90' lang='lat' dir='ltr'>ii</span> <span class='ocrx_word' id='word_1_34' title='bbox 1564 411 1738 464; x_wconf 87' lang='lat' dir='ltr'>propter</span> 
     </span>
     <span class='ocr_line' id='line_1_6' title="bbox 313 465 1740 524; baseline -0.003 -14"><span class='ocrx_word' id='word_1_35' title='bbox 313 469 643 524; x_wconf 70' lang='lat' dir='ltr'>imprudentiam</span> <span class='ocrx_word' id='word_1_36' title='bbox 683 470 724 508; x_wconf 88' lang='lat' dir='ltr'>et</span> <span class='ocrx_word' id='word_1_37' title='bbox 764 467 862 521; x_wconf 90' lang='lat' dir='ltr'>quia</span> <span class='ocrx_word' id='word_1_38' title='bbox 899 480 1040 507; x_wconf 87' lang='lat' dir='ltr'>errore</span> <span class='ocrx_word' id='word_1_39' title='bbox 1072 465 1238 519; x_wconf 86' lang='lat' dir='ltr'>decepti</span> <span class='ocrx_word' id='word_1_40' title='bbox 1269 468 1389 518; x_wconf 87' lang='lat' dir='ltr'>sunt,</span> <span class='ocrx_word' id='word_1_41' title='bbox 1430 466 1596 506; x_wconf 89' lang='lat' dir='ltr'>minora</span> <span class='ocrx_word' id='word_1_42' title='bbox 1624 466 1740 507; x_wconf 89' lang='lat' dir='ltr'>bona</span> 
     </span>
     <span class='ocr_line' id='line_1_7' title="bbox 313 521 1738 580; baseline -0.003 -14"><span class='ocrx_word' id='word_1_43' title='bbox 313 540 390 580; x_wconf 88' lang='lat' dir='ltr'>pro</span> <span class='ocrx_word' id='word_1_44' title='bbox 412 525 640 566; x_wconf 89' lang='lat' dir='ltr'>maioribus</span> <span class='ocrx_word' id='word_1_45' title='bbox 658 523 856 577; x_wconf 73' lang='lat' dir='ltr'>amplecti</span> <span class='ocrx_word' id='word_1_46' title='bbox 874 522 1083 563; x_wconf 86' lang='lat' dir='ltr'>videntur.</span> <span class='ocrx_word' id='word_1_47' title='bbox 1119 521 1237 570; x_wconf 78' lang='lat' dir='ltr'>Quae</span> <span class='ocrx_word' id='word_1_48' title='bbox 1253 522 1288 562; x_wconf 88' lang='lat' dir='ltr'>si</span> <span class='ocrx_word' id='word_1_49' title='bbox 1302 536 1400 563; x_wconf 87' lang='lat' dir='ltr'>vere</span> <span class='ocrx_word' id='word_1_50' title='bbox 1417 521 1738 575; x_wconf 77' lang='lat' dir='ltr'>disputavimus,</span> 
     </span>
     <span class='ocr_line' id='line_1_8' title="bbox 314 577 1740 635; baseline -0.004 -12"><span class='ocrx_word' id='word_1_51' title='bbox 314 582 378 623; x_wconf 91' lang='lat' dir='ltr'>vir</span> <span class='ocrx_word' id='word_1_52' title='bbox 409 581 578 635; x_wconf 88' lang='lat' dir='ltr'>sapiens</span> <span class='ocrx_word' id='word_1_53' title='bbox 609 594 829 633; x_wconf 87' lang='lat' dir='ltr'>nunquam</span> <span class='ocrx_word' id='word_1_54' title='bbox 859 592 934 619; x_wconf 88' lang='lat' dir='ltr'>sua</span> <span class='ocrx_word' id='word_1_55' title='bbox 965 579 1118 632; x_wconf 88' lang='lat' dir='ltr'>sponte</span> <span class='ocrx_word' id='word_1_56' title='bbox 1149 578 1262 619; x_wconf 89' lang='lat' dir='ltr'>mala</span> <span class='ocrx_word' id='word_1_57' title='bbox 1292 579 1465 632; x_wconf 88' lang='lat' dir='ltr'>appetet</span> <span class='ocrx_word' id='word_1_58' title='bbox 1494 579 1569 618; x_wconf 88' lang='lat' dir='ltr'>aut</span> <span class='ocrx_word' id='word_1_59' title='bbox 1598 577 1740 618; x_wconf 82' lang='lat' dir='ltr'>faciet.</span> 
     </span>
     <span class='ocr_line' id='line_1_9' title="bbox 428 632 1740 690; baseline -0.002 -13"><span class='ocrx_word' id='word_1_60' title='bbox 428 637 506 678; x_wconf 91' lang='lat' dir='ltr'>His</span> <span class='ocrx_word' id='word_1_61' title='bbox 537 636 741 690; x_wconf 85' lang='lat' dir='ltr'>expositis</span> <span class='ocrx_word' id='word_1_62' title='bbox 774 634 970 677; x_wconf 73' lang='lat' dir='ltr'>Socrates</span> <span class='ocrx_word' id='word_1_63' title='bbox 1001 634 1228 675; x_wconf 88' lang='lat' dir='ltr'>revertitur</span> <span class='ocrx_word' id='word_1_64' title='bbox 1260 634 1312 675; x_wconf 90' lang='lat' dir='ltr'>ad</span> <span class='ocrx_word' id='word_1_65' title='bbox 1342 633 1468 686; x_wconf 88' lang='lat' dir='ltr'>illud,</span> <span class='ocrx_word' id='word_1_66' title='bbox 1500 632 1612 688; x_wconf 88' lang='lat' dir='ltr'>quod</span> <span class='ocrx_word' id='word_1_67' title='bbox 1641 633 1740 674; x_wconf 85' lang='lat' dir='ltr'>Pro-</span> 
     </span>
     <span class='ocr_line' id='line_1_10' title="bbox 314 689 1741 748; baseline -0.004 -13"><span class='ocrx_word' id='word_1_68' title='bbox 314 697 484 748; x_wconf 87' lang='lat' dir='ltr'>tagoras</span> <span class='ocrx_word' id='word_1_69' title='bbox 515 693 560 733; x_wconf 94' lang='lat' dir='ltr'>in</span> <span class='ocrx_word' id='word_1_70' title='bbox 590 691 876 746; x_wconf 87' lang='lat' dir='ltr'>superioribus</span> <span class='ocrx_word' id='word_1_71' title='bbox 909 690 1086 743; x_wconf 84' lang='lat' dir='ltr'>dixerat,</span> <span class='ocrx_word' id='word_1_72' title='bbox 1120 690 1414 731; x_wconf 87' lang='lat' dir='ltr'>fortitudinem</span> <span class='ocrx_word' id='word_1_73' title='bbox 1444 705 1468 730; x_wconf 90' lang='lat' dir='ltr'>a</span> <span class='ocrx_word' id='word_1_74' title='bbox 1489 689 1639 731; x_wconf 91' lang='lat' dir='ltr'>ceteris</span> <span class='ocrx_word' id='word_1_75' title='bbox 1660 690 1741 730; x_wconf 86' lang='lat' dir='ltr'>vir-</span> 
     </span>
     <span class='ocr_line' id='line_1_11' title="bbox 315 746 1742 803; baseline -0.003 -12"><span class='ocrx_word' id='word_1_76' title='bbox 315 749 477 791; x_wconf 87' lang='lat' dir='ltr'>tutibus</span> <span class='ocrx_word' id='word_1_77' title='bbox 516 750 745 803; x_wconf 85' lang='lat' dir='ltr'>propterea</span> <span class='ocrx_word' id='word_1_78' title='bbox 782 746 1011 801; x_wconf 88' lang='lat' dir='ltr'>plurimum</span> <span class='ocrx_word' id='word_1_79' title='bbox 1054 746 1222 787; x_wconf 83' lang='lat' dir='ltr'>differre</span> <span class='ocrx_word' id='word_1_80' title='bbox 1262 746 1413 800; x_wconf 89' lang='lat' dir='ltr'>videri,</span> <span class='ocrx_word' id='word_1_81' title='bbox 1456 746 1567 800; x_wconf 86' lang='lat' dir='ltr'>quod</span> <span class='ocrx_word' id='word_1_82' title='bbox 1599 759 1742 800; x_wconf 86' lang='lat' dir='ltr'>saepe-</span> 
     </span>
     <span class='ocr_line' id='line_1_12' title="bbox 317 802 1742 857; baseline -0.004 -10"><span class='ocrx_word' id='word_1_83' title='bbox 317 819 493 847; x_wconf 86' lang='lat' dir='ltr'>numero</span> <span class='ocrx_word' id='word_1_84' title='bbox 524 804 717 846; x_wconf 89' lang='lat' dir='ltr'>homines</span> <span class='ocrx_word' id='word_1_85' title='bbox 750 803 1113 857; x_wconf 81' lang='lat' dir='ltr'>insipientissimi,</span> <span class='ocrx_word' id='word_1_86' title='bbox 1145 803 1574 856; x_wconf 88' lang='lat' dir='ltr'>intemperantissimi</span> <span class='ocrx_word' id='word_1_87' title='bbox 1605 804 1647 843; x_wconf 89' lang='lat' dir='ltr'>et</span> <span class='ocrx_word' id='word_1_88' title='bbox 1677 802 1742 842; x_wconf 91' lang='lat' dir='ltr'>in-</span> 
     </span>
     <span class='ocr_line' id='line_1_13' title="bbox 316 858 1742 913; baseline -0.003 -10"><span class='ocrx_word' id='word_1_89' title='bbox 316 862 537 903; x_wconf 87' lang='lat' dir='ltr'>iustissimi</span> <span class='ocrx_word' id='word_1_90' title='bbox 589 861 695 902; x_wconf 89' lang='lat' dir='ltr'>alios</span> <span class='ocrx_word' id='word_1_91' title='bbox 750 859 925 900; x_wconf 88' lang='lat' dir='ltr'>audacia</span> <span class='ocrx_word' id='word_1_92' title='bbox 975 862 1018 900; x_wconf 91' lang='lat' dir='ltr'>et</span> <span class='ocrx_word' id='word_1_93' title='bbox 1066 859 1320 900; x_wconf 89' lang='lat' dir='ltr'>fortitudine</span> <span class='ocrx_word' id='word_1_94' title='bbox 1370 873 1445 899; x_wconf 89' lang='lat' dir='ltr'>sua</span> <span class='ocrx_word' id='word_1_95' title='bbox 1494 858 1742 913; x_wconf 76' lang='lat' dir='ltr'>longissime</span> 
     </span>
     <span class='ocr_line' id='line_1_14' title="bbox 316 915 1743 970; baseline -0.004 -10"><span class='ocrx_word' id='word_1_96' title='bbox 316 918 634 960; x_wconf 88' lang='lat' dir='ltr'>antecellerent.</span> <span class='ocrx_word' id='word_1_97' title='bbox 703 916 933 970; x_wconf 89' lang='lat' dir='ltr'>Postquam</span> <span class='ocrx_word' id='word_1_98' title='bbox 981 916 1095 956; x_wconf 90' lang='lat' dir='ltr'>enim</span> <span class='ocrx_word' id='word_1_99' title='bbox 1140 929 1387 957; x_wconf 88' lang='lat' dir='ltr'>concessum</span> <span class='ocrx_word' id='word_1_100' title='bbox 1427 917 1492 955; x_wconf 90' lang='lat' dir='ltr'>est</span> <span class='ocrx_word' id='word_1_101' title='bbox 1528 915 1743 956; x_wconf 89' lang='lat' dir='ltr'>neminem</span> 
     </span>
     <span class='ocr_line' id='line_1_15' title="bbox 316 971 1743 1026; baseline -0.004 -10"><span class='ocrx_word' id='word_1_102' title='bbox 316 975 529 1016; x_wconf 88' lang='lat' dir='ltr'>volentem</span> <span class='ocrx_word' id='word_1_103' title='bbox 571 987 637 1014; x_wconf 90' lang='lat' dir='ltr'>res</span> <span class='ocrx_word' id='word_1_104' title='bbox 683 972 945 1026; x_wconf 89' lang='lat' dir='ltr'>periculosas</span> <span class='ocrx_word' id='word_1_105' title='bbox 983 985 1170 1025; x_wconf 88' lang='lat' dir='ltr'>unquam</span> <span class='ocrx_word' id='word_1_106' title='bbox 1211 971 1444 1025; x_wconf 83' lang='lat' dir='ltr'>suscipere,</span> <span class='ocrx_word' id='word_1_107' title='bbox 1496 985 1550 1012; x_wconf 90' lang='lat' dir='ltr'>ne</span> <span class='ocrx_word' id='word_1_108' title='bbox 1588 971 1743 1011; x_wconf 85' lang='lat' dir='ltr'>fortem</span> 
     </span>
     <span class='ocr_line' id='line_1_16' title="bbox 317 1027 1744 1085; baseline -0.003 -14"><span class='ocrx_word' id='word_1_109' title='bbox 317 1030 489 1085; x_wconf 89' lang='lat' dir='ltr'>quidem</span> <span class='ocrx_word' id='word_1_110' title='bbox 520 1030 659 1071; x_wconf 90' lang='lat' dir='ltr'>virum</span> <span class='ocrx_word' id='word_1_111' title='bbox 690 1032 848 1069; x_wconf 90' lang='lat' dir='ltr'>temere</span> <span class='ocrx_word' id='word_1_112' title='bbox 880 1041 923 1069; x_wconf 90' lang='lat' dir='ltr'>se</span> <span class='ocrx_word' id='word_1_113' title='bbox 955 1027 999 1068; x_wconf 91' lang='lat' dir='ltr'>in</span> <span class='ocrx_word' id='word_1_114' title='bbox 1031 1028 1143 1068; x_wconf 89' lang='lat' dir='ltr'>mala</span> <span class='ocrx_word' id='word_1_115' title='bbox 1174 1030 1215 1068; x_wconf 89' lang='lat' dir='ltr'>et</span> <span class='ocrx_word' id='word_1_116' title='bbox 1247 1027 1510 1068; x_wconf 85' lang='lat' dir='ltr'>calamitates</span> <span class='ocrx_word' id='word_1_117' title='bbox 1533 1040 1623 1067; x_wconf 90' lang='lat' dir='ltr'>esse</span> <span class='ocrx_word' id='word_1_118' title='bbox 1646 1040 1744 1067; x_wconf 88' lang='lat' dir='ltr'>con-</span> 
     </span>
     <span class='ocr_line' id='line_1_17' title="bbox 316 1083 1745 1137; baseline -0.002 -10"><span class='ocrx_word' id='word_1_119' title='bbox 316 1088 526 1128; x_wconf 89' lang='lat' dir='ltr'>iecturum</span> <span class='ocrx_word' id='word_1_120' title='bbox 567 1087 795 1126; x_wconf 86' lang='lat' dir='ltr'>asseverat.</span> <span class='ocrx_word' id='word_1_121' title='bbox 864 1084 978 1125; x_wconf 83' lang='lat' dir='ltr'>Nam</span> <span class='ocrx_word' id='word_1_122' title='bbox 1017 1098 1124 1137; x_wconf 91' lang='lat' dir='ltr'>quae</span> <span class='ocrx_word' id='word_1_123' title='bbox 1163 1083 1255 1136; x_wconf 90' lang='lat' dir='ltr'>quis</span> <span class='ocrx_word' id='word_1_124' title='bbox 1295 1083 1437 1133; x_wconf 87' lang='lat' dir='ltr'>timet,</span> <span class='ocrx_word' id='word_1_125' title='bbox 1489 1083 1649 1136; x_wconf 86' lang='lat' dir='ltr'>inquit,</span> <span class='ocrx_word' id='word_1_126' title='bbox 1696 1095 1745 1124; x_wconf 82' lang='lat' dir='ltr'>ea</span> 
     </span>
     <span class='ocr_line' id='line_1_18' title="bbox 319 1139 1745 1193; baseline -0.004 -9"><span class='ocrx_word' id='word_1_127' title='bbox 319 1143 431 1184; x_wconf 88' lang='lat' dir='ltr'>mala</span> <span class='ocrx_word' id='word_1_128' title='bbox 461 1142 694 1183; x_wconf 82' lang='lat' dir='ltr'>existimat:</span> <span class='ocrx_word' id='word_1_129' title='bbox 726 1155 852 1182; x_wconf 90' lang='lat' dir='ltr'>nemo</span> <span class='ocrx_word' id='word_1_130' title='bbox 885 1141 1027 1180; x_wconf 88' lang='lat' dir='ltr'>autem</span> <span class='ocrx_word' id='word_1_131' title='bbox 1058 1154 1134 1180; x_wconf 89' lang='lat' dir='ltr'>sua</span> <span class='ocrx_word' id='word_1_132' title='bbox 1162 1142 1313 1193; x_wconf 90' lang='lat' dir='ltr'>sponte</span> <span class='ocrx_word' id='word_1_133' title='bbox 1345 1139 1522 1192; x_wconf 87' lang='lat' dir='ltr'>suscipit</span> <span class='ocrx_word' id='word_1_134' title='bbox 1543 1152 1605 1192; x_wconf 90' lang='lat' dir='ltr'>ea,</span> <span class='ocrx_word' id='word_1_135' title='bbox 1638 1152 1745 1193; x_wconf 87' lang='lat' dir='ltr'>quae</span> 
     </span>
     <span class='ocr_line' id='line_1_19' title="bbox 319 1195 1745 1251; baseline -0.004 -11"><span class='ocrx_word' id='word_1_136' title='bbox 319 1199 400 1240; x_wconf 90' lang='lat' dir='ltr'>sibi</span> <span class='ocrx_word' id='word_1_137' title='bbox 413 1198 573 1240; x_wconf 91' lang='lat' dir='ltr'>malum</span> <span class='ocrx_word' id='word_1_138' title='bbox 585 1197 755 1251; x_wconf 86' lang='lat' dir='ltr'>aliquod</span> <span class='ocrx_word' id='word_1_139' title='bbox 767 1197 916 1237; x_wconf 85' lang='lat' dir='ltr'>afferre</span> <span class='ocrx_word' id='word_1_140' title='bbox 933 1196 1176 1238; x_wconf 87' lang='lat' dir='ltr'>arbitratur.</span> <span class='ocrx_word' id='word_1_141' title='bbox 1195 1195 1345 1249; x_wconf 87' lang='lat' dir='ltr'>Itaque</span> <span class='ocrx_word' id='word_1_142' title='bbox 1357 1196 1421 1236; x_wconf 87' lang='lat' dir='ltr'>vir</span> <span class='ocrx_word' id='word_1_143' title='bbox 1428 1195 1553 1236; x_wconf 86' lang='lat' dir='ltr'>fortis</span> <span class='ocrx_word' id='word_1_144' title='bbox 1564 1209 1624 1247; x_wconf 89' lang='lat' dir='ltr'>ea,</span> <span class='ocrx_word' id='word_1_145' title='bbox 1637 1208 1745 1248; x_wconf 89' lang='lat' dir='ltr'>quae</span> 
     </span>
     <span class='ocr_line' id='line_1_20' title="bbox 319 1251 1743 1307; baseline -0.004 -11"><span class='ocrx_word' id='word_1_146' title='bbox 319 1258 420 1296; x_wconf 90' lang='lat' dir='ltr'>sunt</span> <span class='ocrx_word' id='word_1_147' title='bbox 449 1255 644 1307; x_wconf 87' lang='lat' dir='ltr'>honesta,</span> <span class='ocrx_word' id='word_1_148' title='bbox 679 1254 721 1294; x_wconf 90' lang='lat' dir='ltr'>id</span> <span class='ocrx_word' id='word_1_149' title='bbox 753 1256 830 1305; x_wconf 89' lang='lat' dir='ltr'>est,</span> <span class='ocrx_word' id='word_1_150' title='bbox 864 1253 1048 1294; x_wconf 89' lang='lat' dir='ltr'>iucunda</span> <span class='ocrx_word' id='word_1_151' title='bbox 1079 1277 1133 1282; x_wconf 93' lang='lat'>--</span> <span class='ocrx_word' id='word_1_152' title='bbox 1164 1266 1263 1292; x_wconf 88' lang='lat' dir='ltr'>nam</span> <span class='ocrx_word' id='word_1_153' title='bbox 1292 1252 1516 1292; x_wconf 87' lang='lat' dir='ltr'>honestum</span> <span class='ocrx_word' id='word_1_154' title='bbox 1538 1253 1580 1292; x_wconf 91' lang='lat' dir='ltr'>et</span> <span class='ocrx_word' id='word_1_155' title='bbox 1599 1251 1743 1291; x_wconf 89' lang='lat' dir='ltr'>iucun-</span> 
     </span>
     <span class='ocr_line' id='line_1_21' title="bbox 319 1307 1743 1361; baseline -0.004 -8"><span class='ocrx_word' id='word_1_156' title='bbox 319 1312 419 1353; x_wconf 90' lang='lat' dir='ltr'>dum</span> <span class='ocrx_word' id='word_1_157' title='bbox 465 1311 576 1352; x_wconf 91' lang='lat' dir='ltr'>idem</span> <span class='ocrx_word' id='word_1_158' title='bbox 625 1324 715 1351; x_wconf 90' lang='lat' dir='ltr'>esse</span> <span class='ocrx_word' id='word_1_159' title='bbox 754 1309 934 1350; x_wconf 87' lang='lat' dir='ltr'>vidimus</span> <span class='ocrx_word' id='word_1_160' title='bbox 980 1333 1026 1338; x_wconf 91' lang='lat'>-—</span> <span class='ocrx_word' id='word_1_161' title='bbox 1068 1322 1234 1361; x_wconf 87' lang='lat' dir='ltr'>semper</span> <span class='ocrx_word' id='word_1_162' title='bbox 1272 1310 1315 1349; x_wconf 91' lang='lat' dir='ltr'>et</span> <span class='ocrx_word' id='word_1_163' title='bbox 1350 1308 1503 1361; x_wconf 85' lang='lat' dir='ltr'>ubique</span> <span class='ocrx_word' id='word_1_164' title='bbox 1541 1307 1743 1361; x_wconf 89' lang='lat' dir='ltr'>sequitur,</span> 
     </span>
     <span class='ocr_line' id='line_1_22' title="bbox 318 1363 1745 1421; baseline -0.004 -12"><span class='ocrx_word' id='word_1_165' title='bbox 318 1368 496 1421; x_wconf 89' lang='lat' dir='ltr'>ideoque</span> <span class='ocrx_word' id='word_1_166' title='bbox 535 1381 613 1408; x_wconf 89' lang='grc'><strong>1100</strong></span> <span class='ocrx_word' id='word_1_167' title='bbox 643 1366 824 1419; x_wconf 87' lang='lat' dir='ltr'>turpiter</span> <span class='ocrx_word' id='word_1_168' title='bbox 854 1364 1008 1406; x_wconf 86' lang='lat' dir='ltr'>metuit</span> <span class='ocrx_word' id='word_1_169' title='bbox 1038 1378 1116 1405; x_wconf 88' lang='lat' dir='ltr'>nec</span> <span class='ocrx_word' id='word_1_170' title='bbox 1143 1364 1326 1417; x_wconf 86' lang='lat' dir='ltr'>turpiter</span> <span class='ocrx_word' id='word_1_171' title='bbox 1346 1363 1484 1404; x_wconf 84' lang='lat' dir='ltr'>audax</span> <span class='ocrx_word' id='word_1_172' title='bbox 1507 1366 1583 1416; x_wconf 88' lang='lat' dir='ltr'>est,</span> <span class='ocrx_word' id='word_1_173' title='bbox 1615 1377 1745 1417; x_wconf 89' lang='lat' dir='ltr'>quum</span> 
     </span>
     <span class='ocr_line' id='line_1_23' title="bbox 319 1419 1746 1473; baseline -0.004 -8"><span class='ocrx_word' id='word_1_174' title='bbox 319 1424 495 1465; x_wconf 87' lang='lat' dir='ltr'>timidus</span> <span class='ocrx_word' id='word_1_175' title='bbox 527 1437 574 1464; x_wconf 90' lang='lat' dir='ltr'>ac</span> <span class='ocrx_word' id='word_1_176' title='bbox 605 1425 764 1463; x_wconf 86' lang='lat' dir='ltr'>temere</span> <span class='ocrx_word' id='word_1_177' title='bbox 795 1421 931 1462; x_wconf 76' lang='lat' dir='ltr'>audax</span> <span class='ocrx_word' id='word_1_178' title='bbox 966 1420 1030 1461; x_wconf 92' lang='lat' dir='ltr'>vel</span> <span class='ocrx_word' id='word_1_179' title='bbox 1061 1422 1177 1461; x_wconf 88' lang='lat' dir='ltr'>metu</span> <span class='ocrx_word' id='word_1_180' title='bbox 1207 1419 1274 1461; x_wconf 89' lang='lat' dir='ltr'>vel</span> <span class='ocrx_word' id='word_1_181' title='bbox 1306 1419 1483 1461; x_wconf 88' lang='lat' dir='ltr'>audacia</span> <span class='ocrx_word' id='word_1_182' title='bbox 1511 1420 1627 1473; x_wconf 82' lang='lat' dir='ltr'>turpi</span> <span class='ocrx_word' id='word_1_183' title='bbox 1659 1433 1746 1460; x_wconf 89' lang='lat' dir='ltr'>cor-</span> 
     </span>
     <span class='ocr_line' id='line_1_24' title="bbox 320 1474 1748 1534; baseline -0.004 -13"><span class='ocrx_word' id='word_1_184' title='bbox 320 1480 512 1534; x_wconf 85' lang='lat' dir='ltr'>ripiatur.</span> <span class='ocrx_word' id='word_1_185' title='bbox 574 1478 654 1519; x_wconf 89' lang='lat' dir='ltr'>Est</span> <span class='ocrx_word' id='word_1_186' title='bbox 693 1480 834 1519; x_wconf 89' lang='lat' dir='ltr'>autem</span> <span class='ocrx_word' id='word_1_187' title='bbox 864 1476 1047 1531; x_wconf 89' lang='lat' dir='ltr'>turpiter</span> <span class='ocrx_word' id='word_1_188' title='bbox 1069 1477 1223 1517; x_wconf 89' lang='lat' dir='ltr'>audere</span> <span class='ocrx_word' id='word_1_189' title='bbox 1245 1476 1311 1516; x_wconf 92' lang='lat' dir='ltr'>vel</span> <span class='ocrx_word' id='word_1_190' title='bbox 1332 1476 1483 1517; x_wconf 90' lang='lat' dir='ltr'>timere</span> <span class='ocrx_word' id='word_1_191' title='bbox 1505 1475 1613 1516; x_wconf 87' lang='lat' dir='ltr'>nihil</span> <span class='ocrx_word' id='word_1_192' title='bbox 1635 1474 1748 1516; x_wconf 89' lang='lat' dir='ltr'>aliud</span> 
     </span>
     <span class='ocr_line' id='line_1_25' title="bbox 319 1531 1747 1590; baseline -0.004 -13"><span class='ocrx_word' id='word_1_193' title='bbox 319 1537 401 1577; x_wconf 91' lang='lat' dir='ltr'>nisi</span> <span class='ocrx_word' id='word_1_194' title='bbox 448 1538 620 1590; x_wconf 91' lang='lat' dir='ltr'>propter</span> <span class='ocrx_word' id='word_1_195' title='bbox 664 1534 770 1575; x_wconf 88' lang='lat' dir='ltr'>recti</span> <span class='ocrx_word' id='word_1_196' title='bbox 817 1533 1108 1588; x_wconf 83' lang='lat' dir='ltr'>ignorantiam</span> <span class='ocrx_word' id='word_1_197' title='bbox 1154 1546 1350 1586; x_wconf 88' lang='lat' dir='ltr'>peccare,</span> <span class='ocrx_word' id='word_1_198' title='bbox 1408 1531 1747 1586; x_wconf 87' lang='lat' dir='ltr'>quandoquidem</span> 
     </span>
     <span class='ocr_line' id='line_1_26' title="bbox 320 1588 1748 1646; baseline -0.004 -12"><span class='ocrx_word' id='word_1_199' title='bbox 320 1606 447 1634; x_wconf 90' lang='lat' dir='ltr'>nemo</span> <span class='ocrx_word' id='word_1_200' title='bbox 479 1591 678 1646; x_wconf 89' lang='lat' dir='ltr'>prudens,</span> <span class='ocrx_word' id='word_1_201' title='bbox 711 1594 758 1630; x_wconf 89' lang='lat' dir='ltr'>ut</span> <span class='ocrx_word' id='word_1_202' title='bbox 788 1591 985 1643; x_wconf 82' lang='lat' dir='ltr'>vidimus,</span> <span class='ocrx_word' id='word_1_203' title='bbox 1018 1603 1124 1642; x_wconf 88' lang='lat' dir='ltr'>quae</span> <span class='ocrx_word' id='word_1_204' title='bbox 1156 1589 1235 1629; x_wconf 88' lang='lat' dir='ltr'>sibi</span> <span class='ocrx_word' id='word_1_205' title='bbox 1258 1589 1497 1642; x_wconf 88' lang='lat' dir='ltr'>perniciosa</span> <span class='ocrx_word' id='word_1_206' title='bbox 1518 1588 1608 1628; x_wconf 85' lang='lat' dir='ltr'>fore</span> <span class='ocrx_word' id='word_1_207' title='bbox 1630 1601 1748 1642; x_wconf 87' lang='lat' dir='ltr'>prae-</span> 
     </span>
     <span class='ocr_line' id='line_1_27' title="bbox 320 1644 1748 1702; baseline -0.004 -12"><span class='ocrx_word' id='word_1_208' title='bbox 320 1649 448 1702; x_wconf 84' lang='lat' dir='ltr'>videt,</span> <span class='ocrx_word' id='word_1_209' title='bbox 480 1661 668 1701; x_wconf 86' lang='lat' dir='ltr'>unquam</span> <span class='ocrx_word' id='word_1_210' title='bbox 701 1646 915 1700; x_wconf 86' lang='lat' dir='ltr'>suscipiet.</span> <span class='ocrx_word' id='word_1_211' title='bbox 978 1644 1101 1686; x_wconf 90' lang='lat' dir='ltr'>Unde</span> <span class='ocrx_word' id='word_1_212' title='bbox 1133 1645 1337 1696; x_wconf 85' lang='lat' dir='ltr'>efficitur,</span> <span class='ocrx_word' id='word_1_213' title='bbox 1376 1647 1422 1685; x_wconf 88' lang='lat' dir='ltr'>ut</span> <span class='ocrx_word' id='word_1_214' title='bbox 1451 1644 1748 1685; x_wconf 83' lang='lat' dir='ltr'>fortitudinem</span> 
     </span>
     <span class='ocr_line' id='line_1_28' title="bbox 322 1699 1748 1754; baseline -0.004 -8"><span class='ocrx_word' id='word_1_215' title='bbox 322 1704 500 1747; x_wconf 87' lang='lat' dir='ltr'>scientia</span> <span class='ocrx_word' id='word_1_216' title='bbox 531 1705 777 1745; x_wconf 83' lang='lat' dir='ltr'>contentam</span> <span class='ocrx_word' id='word_1_217' title='bbox 809 1716 899 1743; x_wconf 88' lang='lat' dir='ltr'>esse</span> <span class='ocrx_word' id='word_1_218' title='bbox 932 1700 1110 1742; x_wconf 86' lang='lat' dir='ltr'>iudicari</span> <span class='ocrx_word' id='word_1_219' title='bbox 1142 1703 1357 1754; x_wconf 89' lang='lat' dir='ltr'>oporteat:</span> <span class='ocrx_word' id='word_1_220' title='bbox 1397 1703 1461 1741; x_wconf 87' lang='lat' dir='ltr'>est</span> <span class='ocrx_word' id='word_1_221' title='bbox 1491 1700 1604 1741; x_wconf 87' lang='lat' dir='ltr'>enim</span> <span class='ocrx_word' id='word_1_222' title='bbox 1635 1699 1748 1740; x_wconf 89' lang='lat' dir='ltr'>nihil</span> 
     </span>
     <span class='ocr_line' id='line_1_29' title="bbox 322 1755 1749 1802; baseline -0.004 0"><span class='ocrx_word' id='word_1_223' title='bbox 322 1761 435 1802; x_wconf 87' lang='lat' dir='ltr'>aliud</span> <span class='ocrx_word' id='word_1_224' title='bbox 481 1760 565 1801; x_wconf 91' lang='lat' dir='ltr'>nisi</span> <span class='ocrx_word' id='word_1_225' title='bbox 619 1773 758 1800; x_wconf 84' lang='lat' dir='ltr'>rerum</span> <span class='ocrx_word' id='word_1_226' title='bbox 796 1757 1119 1799; x_wconf 88' lang='lat' dir='ltr'>metuendarum</span> <span class='ocrx_word' id='word_1_227' title='bbox 1166 1759 1239 1797; x_wconf 89' lang='lat' dir='ltr'>aut</span> <span class='ocrx_word' id='word_1_228' title='bbox 1288 1771 1376 1797; x_wconf 88' lang='lat' dir='ltr'>non</span> <span class='ocrx_word' id='word_1_229' title='bbox 1426 1755 1749 1797; x_wconf 85' lang='lat' dir='ltr'>metuendarum</span> 
     </span>
     <span class='ocr_line' id='line_1_30' title="bbox 323 1812 1750 1859; baseline -0.004 -1"><span class='ocrx_word' id='word_1_230' title='bbox 323 1818 500 1859; x_wconf 88' lang='lat' dir='ltr'>scientia</span> <span class='ocrx_word' id='word_1_231' title='bbox 558 1830 652 1857; x_wconf 90' lang='lat' dir='ltr'>cum</span> <span class='ocrx_word' id='word_1_232' title='bbox 706 1817 821 1856; x_wconf 88' lang='lat' dir='ltr'>recto</span> <span class='ocrx_word' id='word_1_233' title='bbox 871 1829 950 1855; x_wconf 89' lang='lat' dir='ltr'>usu</span> <span class='ocrx_word' id='word_1_234' title='bbox 1003 1814 1242 1854; x_wconf 85' lang='lat' dir='ltr'>coniuncta.</span> <span class='ocrx_word' id='word_1_235' title='bbox 1304 1838 1354 1843; x_wconf 91' lang='lat'><strong>—</strong></span> <span class='ocrx_word' id='word_1_236' title='bbox 1415 1812 1495 1853; x_wconf 88' lang='lat' dir='ltr'>His</span> <span class='ocrx_word' id='word_1_237' title='bbox 1554 1812 1750 1853; x_wconf 85' lang='lat' dir='ltr'>omnibus</span> 
     </span>
     <span class='ocr_line' id='line_1_31' title="bbox 322 1868 1748 1928; baseline -0.005 -13"><span class='ocrx_word' id='word_1_238' title='bbox 322 1887 481 1928; x_wconf 88' lang='lat' dir='ltr'>magna</span> <span class='ocrx_word' id='word_1_239' title='bbox 527 1872 762 1913; x_wconf 88' lang='lat' dir='ltr'>subtilitate</span> <span class='ocrx_word' id='word_1_240' title='bbox 811 1870 1034 1924; x_wconf 86' lang='lat' dir='ltr'>explicatis</span> <span class='ocrx_word' id='word_1_241' title='bbox 1083 1869 1278 1910; x_wconf 81' lang='lat' dir='ltr'>Socrates</span> <span class='ocrx_word' id='word_1_242' title='bbox 1328 1868 1567 1910; x_wconf 87' lang='lat' dir='ltr'>concludit&#39;</span> <span class='ocrx_word' id='word_1_243' title='bbox 1592 1868 1748 1909; x_wconf 87' lang='lat' dir='ltr'>falsam</span> 
     </span>
     <span class='ocr_line' id='line_1_32' title="bbox 323 1924 1749 1983; baseline -0.005 -12"><span class='ocrx_word' id='word_1_244' title='bbox 323 1944 415 1971; x_wconf 89' lang='grc'><strong>0880</strong></span> <span class='ocrx_word' id='word_1_245' title='bbox 438 1929 694 1983; x_wconf 84' lang='lat' dir='ltr'>Protagorae</span> <span class='ocrx_word' id='word_1_246' title='bbox 717 1928 986 1977; x_wconf 81' lang='lat' dir='ltr'>sententiam,</span> <span class='ocrx_word' id='word_1_247' title='bbox 1010 1925 1205 1966; x_wconf 89' lang='lat' dir='ltr'>homines</span> <span class='ocrx_word' id='word_1_248' title='bbox 1226 1924 1639 1979; x_wconf 87' lang='lat' dir='ltr'>imprudentissimos</span> <span class='ocrx_word' id='word_1_249' title='bbox 1662 1938 1749 1965; x_wconf 88' lang='lat' dir='ltr'>sae-</span> 
     </span>
     <span class='ocr_line' id='line_1_33' title="bbox 323 1980 1748 2041; baseline -0.006 -13"><span class='ocrx_word' id='word_1_250' title='bbox 323 1999 552 2041; x_wconf 88' lang='lat' dir='ltr'>penumero</span> <span class='ocrx_word' id='word_1_251' title='bbox 600 1984 857 2026; x_wconf 88' lang='lat' dir='ltr'>fortissimos</span> <span class='ocrx_word' id='word_1_252' title='bbox 904 1996 992 2023; x_wconf 90' lang='lat' dir='ltr'>esse</span> <span class='ocrx_word' id='word_1_253' title='bbox 1032 1981 1279 2034; x_wconf 86' lang='lat' dir='ltr'>statuentis,</span> <span class='ocrx_word' id='word_1_254' title='bbox 1322 1983 1364 2021; x_wconf 90' lang='lat' dir='ltr'>et</span> <span class='ocrx_word' id='word_1_255' title='bbox 1407 1980 1598 2034; x_wconf 89' lang='lat' dir='ltr'>sophista</span> <span class='ocrx_word' id='word_1_256' title='bbox 1642 1980 1748 2034; x_wconf 88' lang='lat' dir='ltr'>ipse,</span> 
     </span>
     <span class='ocr_line' id='line_1_34' title="bbox 324 2037 1747 2095; baseline -0.004 -12"><span class='ocrx_word' id='word_1_257' title='bbox 324 2044 404 2083; x_wconf 90' lang='lat' dir='ltr'>etsi</span> <span class='ocrx_word' id='word_1_258' title='bbox 442 2040 679 2095; x_wconf 87' lang='lat' dir='ltr'>perinvitus</span> <span class='ocrx_word' id='word_1_259' title='bbox 719 2039 878 2080; x_wconf 85' lang='lat' dir='ltr'>fatetur</span> <span class='ocrx_word' id='word_1_260' title='bbox 918 2052 1010 2079; x_wconf 86' lang='lat' dir='ltr'>eam</span> <span class='ocrx_word' id='word_1_261' title='bbox 1051 2052 1100 2078; x_wconf 81' lang='lat' dir='ltr'>ex</span> <span class='ocrx_word' id='word_1_262' title='bbox 1140 2037 1213 2089; x_wconf 89' lang='lat' dir='ltr'>iis,</span> <span class='ocrx_word' id='word_1_263' title='bbox 1262 2051 1369 2091; x_wconf 89' lang='lat' dir='ltr'>quae</span> <span class='ocrx_word' id='word_1_264' title='bbox 1409 2050 1606 2078; x_wconf 87' lang='lat' dir='ltr'>concessa</span> <span class='ocrx_word' id='word_1_265' title='bbox 1649 2037 1747 2088; x_wconf 86' lang='lat' dir='ltr'>sint,</span> 
     </span>
     <span class='ocr_line' id='line_1_35' title="bbox 324 2092 1488 2148; baseline -0.005 -9"><span class='ocrx_word' id='word_1_266' title='bbox 324 2100 465 2140; x_wconf 90' lang='lat' dir='ltr'>locum</span> <span class='ocrx_word' id='word_1_267' title='bbox 496 2097 651 2137; x_wconf 90' lang='lat' dir='ltr'>habere</span> <span class='ocrx_word' id='word_1_268' title='bbox 682 2110 771 2136; x_wconf 91' lang='lat' dir='ltr'>non</span> <span class='ocrx_word' id='word_1_269' title='bbox 802 2109 937 2148; x_wconf 88' lang='lat' dir='ltr'>posse.</span> <span class='ocrx_word' id='word_1_270' title='bbox 996 2094 1043 2135; x_wconf 88' lang='lat' dir='ltr'>P.</span> <span class='ocrx_word' id='word_1_271' title='bbox 1076 2093 1156 2134; x_wconf 81' lang='lat'>351</span> <span class='ocrx_word' id='word_1_272' title='bbox 1184 2092 1217 2133; x_wconf 90' lang='lat' dir='ltr'>B</span> <span class='ocrx_word' id='word_1_273' title='bbox 1249 2117 1303 2124; x_wconf 97' lang='lat'>—</span> <span class='ocrx_word' id='word_1_274' title='bbox 1333 2093 1417 2134; x_wconf 80' lang='lat'>360</span> <span class='ocrx_word' id='word_1_275' title='bbox 1437 2092 1488 2133; x_wconf 88' lang='grc' dir='ltr'>Ε.</span> 
     </span>
     <span class='ocr_line' id='line_1_36' title="bbox 440 2147 1750 2207; baseline -0.005 -13"><span class='ocrx_word' id='word_1_276' title='bbox 440 2154 699 2207; x_wconf 82' lang='lat' dir='ltr'>Protagorae</span> <span class='ocrx_word' id='word_1_277' title='bbox 731 2151 920 2192; x_wconf 87' lang='lat' dir='ltr'>animum</span> <span class='ocrx_word' id='word_1_278' title='bbox 941 2163 1097 2191; x_wconf 74' lang='lat' dir='ltr'>‚rursus</span> <span class='ocrx_word' id='word_1_279' title='bbox 1130 2150 1376 2203; x_wconf 86' lang='lat' dir='ltr'>placaturus</span> <span class='ocrx_word' id='word_1_280' title='bbox 1408 2147 1621 2191; x_wconf 81' lang='lat' dir='ltr'>Socrates:</span> <span class='ocrx_word' id='word_1_281' title='bbox 1654 2147 1750 2202; x_wconf 83' lang='lat' dir='ltr'>Ego</span> 
     </span>
     <span class='ocr_line' id='line_1_37' title="bbox 329 2205 1752 2263; baseline -0.005 -12"><span class='ocrx_word' id='word_1_282' title='bbox 329 2224 446 2260; x_wconf 86' lang='lat' dir='ltr'>vero,</span> <span class='ocrx_word' id='word_1_283' title='bbox 496 2209 657 2263; x_wconf 89' lang='lat' dir='ltr'>inquit,</span> <span class='ocrx_word' id='word_1_284' title='bbox 703 2222 792 2248; x_wconf 91' lang='lat' dir='ltr'>non</span> <span class='ocrx_word' id='word_1_285' title='bbox 834 2207 960 2248; x_wconf 89' lang='lat' dir='ltr'>aliam</span> <span class='ocrx_word' id='word_1_286' title='bbox 998 2206 1051 2247; x_wconf 91' lang='lat' dir='ltr'>ob</span> <span class='ocrx_word' id='word_1_287' title='bbox 1091 2219 1262 2246; x_wconf 88' lang='lat' dir='ltr'>causam</span> <span class='ocrx_word' id='word_1_288' title='bbox 1299 2205 1403 2246; x_wconf 89' lang='lat' dir='ltr'>haec</span> <span class='ocrx_word' id='word_1_289' title='bbox 1440 2205 1585 2246; x_wconf 88' lang='lat' dir='ltr'>omnia</span> <span class='ocrx_word' id='word_1_290' title='bbox 1623 2217 1671 2244; x_wconf 89' lang='lat' dir='ltr'>ex</span> <span class='ocrx_word' id='word_1_291' title='bbox 1709 2207 1752 2244; x_wconf 91' lang='lat' dir='ltr'>te</span> 
     </span>
     <span class='ocr_line' id='line_1_38' title="bbox 327 2259 1751 2321; baseline -0.005 -14"><span class='ocrx_word' id='word_1_292' title='bbox 327 2280 504 2321; x_wconf 84' lang='lat' dir='ltr'>quaero,</span> <span class='ocrx_word' id='word_1_293' title='bbox 536 2266 620 2306; x_wconf 87' lang='lat' dir='ltr'>nisi</span> <span class='ocrx_word' id='word_1_294' title='bbox 652 2265 762 2318; x_wconf 91' lang='lat' dir='ltr'>quod</span> <span class='ocrx_word' id='word_1_295' title='bbox 793 2263 1033 2317; x_wconf 90' lang='lat' dir='ltr'>perspicere</span> <span class='ocrx_word' id='word_1_296' title='bbox 1064 2262 1209 2315; x_wconf 88' lang='lat' dir='ltr'>cupio,</span> <span class='ocrx_word' id='word_1_297' title='bbox 1249 2261 1459 2316; x_wconf 91' lang='lat' dir='ltr'>quomodo</span> <span class='ocrx_word' id='word_1_298' title='bbox 1490 2274 1533 2301; x_wconf 91' lang='lat' dir='ltr'>se</span> <span class='ocrx_word' id='word_1_299' title='bbox 1563 2259 1751 2300; x_wconf 89' lang='lat' dir='ltr'>habeant</span> 
     </span>
     <span class='ocr_line' id='line_1_39' title="bbox 329 2315 1749 2377; baseline -0.005 -14"><span class='ocrx_word' id='word_1_300' title='bbox 329 2336 436 2377; x_wconf 90' lang='lat' dir='ltr'>quae</span> <span class='ocrx_word' id='word_1_301' title='bbox 468 2321 520 2362; x_wconf 88' lang='lat' dir='ltr'>ad</span> <span class='ocrx_word' id='word_1_302' title='bbox 551 2321 751 2361; x_wconf 89' lang='lat' dir='ltr'>virtutem</span> <span class='ocrx_word' id='word_1_303' title='bbox 772 2319 1028 2371; x_wconf 88' lang='lat' dir='ltr'>referuntur,</span> <span class='ocrx_word' id='word_1_304' title='bbox 1061 2320 1104 2358; x_wconf 90' lang='lat' dir='ltr'>et</span> <span class='ocrx_word' id='word_1_305' title='bbox 1124 2318 1223 2371; x_wconf 87' lang='lat' dir='ltr'>quid</span> <span class='ocrx_word' id='word_1_306' title='bbox 1246 2320 1301 2359; x_wconf 90' lang='lat' dir='ltr'>sit</span> <span class='ocrx_word' id='word_1_307' title='bbox 1321 2318 1412 2372; x_wconf 89' lang='lat' dir='ltr'>ipsa</span> <span class='ocrx_word' id='word_1_308' title='bbox 1434 2317 1578 2357; x_wconf 83' lang='lat' dir='ltr'>virtuS.</span> <span class='ocrx_word' id='word_1_309' title='bbox 1638 2315 1749 2356; x_wconf 89' lang='lat' dir='ltr'>Nam</span> 
     </span>
     <span class='ocr_line' id='line_1_40' title="bbox 329 2372 1750 2433; baseline -0.006 -13"><span class='ocrx_word' id='word_1_310' title='bbox 329 2379 461 2433; x_wconf 85' lang='lat' dir='ltr'>probe</span> <span class='ocrx_word' id='word_1_311' title='bbox 491 2378 603 2429; x_wconf 90' lang='lat' dir='ltr'>novi,</span> <span class='ocrx_word' id='word_1_312' title='bbox 636 2378 715 2418; x_wconf 89' lang='lat' dir='ltr'>hoc</span> <span class='ocrx_word' id='word_1_313' title='bbox 747 2375 819 2416; x_wconf 87' lang='lat' dir='ltr'>ubi</span> <span class='ocrx_word' id='word_1_314' title='bbox 850 2374 1111 2428; x_wconf 88' lang='lat' dir='ltr'>patefactum</span> <span class='ocrx_word' id='word_1_315' title='bbox 1141 2373 1291 2425; x_wconf 89' lang='lat' dir='ltr'>fuerit,</span> <span class='ocrx_word' id='word_1_316' title='bbox 1324 2375 1452 2415; x_wconf 87' lang='lat' dir='ltr'>etiam</span> <span class='ocrx_word' id='word_1_317' title='bbox 1481 2372 1586 2413; x_wconf 91' lang='lat' dir='ltr'>illud</span> <span class='ocrx_word' id='word_1_318' title='bbox 1617 2372 1750 2413; x_wconf 90' lang='lat' dir='ltr'>mani-</span> 
     </span>
     <span class='ocr_line' id='line_1_41' title="bbox 329 2427 1752 2485; baseline -0.005 -9"><span class='ocrx_word' id='word_1_319' title='bbox 329 2436 486 2476; x_wconf 85' lang='lat' dir='ltr'>festum</span> <span class='ocrx_word' id='word_1_320' title='bbox 520 2433 632 2483; x_wconf 87' lang='lat' dir='ltr'>fore,</span> <span class='ocrx_word' id='word_1_321' title='bbox 680 2433 730 2473; x_wconf 88' lang='lat' dir='ltr'>de</span> <span class='ocrx_word' id='word_1_322' title='bbox 769 2445 850 2485; x_wconf 91' lang='lat' dir='ltr'>quo</span> <span class='ocrx_word' id='word_1_323' title='bbox 890 2428 1219 2484; x_wconf 86' lang='lat' dir='ltr'>disputavimus,</span> <span class='ocrx_word' id='word_1_324' title='bbox 1261 2432 1402 2471; x_wconf 90' lang='lat' dir='ltr'>utrum</span> <span class='ocrx_word' id='word_1_325' title='bbox 1437 2429 1571 2470; x_wconf 89' lang='lat' dir='ltr'>virtus</span> <span class='ocrx_word' id='word_1_326' title='bbox 1610 2427 1752 2470; x_wconf 89' lang='lat' dir='ltr'>doceri</span> 
     </span>
     <span class='ocr_line' id='line_1_42' title="bbox 329 2491 1722 2545; baseline -0.005 -13"><span class='ocrx_word' id='word_1_327' title='bbox 329 2491 484 2545; x_wconf 86' lang='lat' dir='ltr'>possit,</span> <span class='ocrx_word' id='word_1_328' title='bbox 514 2503 662 2530; x_wconf 89' lang='lat' dir='ltr'>necne.</span> <span class='ocrx_word' id='word_1_329' title='bbox 1717 2525 1722 2530; x_wconf 81' lang='grc'><strong>,</strong></span> 
     </span>
     <span class='ocr_line' id='line_1_43' title="bbox 443 2540 1750 2598; baseline -0.005 -11"><span class='ocrx_word' id='word_1_330' title='bbox 443 2547 502 2587; x_wconf 90' lang='lat' dir='ltr'>At</span> <span class='ocrx_word' id='word_1_331' title='bbox 532 2546 685 2586; x_wconf 88' lang='lat' dir='ltr'>mirum</span> <span class='ocrx_word' id='word_1_332' title='bbox 716 2543 917 2598; x_wconf 86' lang='lat' dir='ltr'>quiddam</span> <span class='ocrx_word' id='word_1_333' title='bbox 948 2542 1073 2583; x_wconf 91' lang='lat' dir='ltr'>nobis</span> <span class='ocrx_word' id='word_1_334' title='bbox 1103 2542 1148 2583; x_wconf 91' lang='lat' dir='ltr'>in</span> <span class='ocrx_word' id='word_1_335' title='bbox 1177 2541 1256 2582; x_wconf 92' lang='lat' dir='ltr'>hac</span> <span class='ocrx_word' id='word_1_336' title='bbox 1277 2541 1563 2595; x_wconf 88' lang='lat' dir='ltr'>disputatione</span> <span class='ocrx_word' id='word_1_337' title='bbox 1584 2540 1750 2581; x_wconf 88' lang='lat' dir='ltr'>accidit.</span> 
     </span>
     <span class='ocr_line' id='line_1_44' title="bbox 330 2597 1752 2657; baseline -0.005 -14"><span class='ocrx_word' id='word_1_338' title='bbox 330 2602 425 2657; x_wconf 78' lang='lat' dir='ltr'>Ego</span> <span class='ocrx_word' id='word_1_339' title='bbox 458 2602 584 2655; x_wconf 81' lang='lat' dir='ltr'>enim,</span> <span class='ocrx_word' id='word_1_340' title='bbox 617 2601 689 2654; x_wconf 90' lang='lat' dir='ltr'>qui</span> <span class='ocrx_word' id='word_1_341' title='bbox 711 2602 836 2641; x_wconf 87' lang='lat' dir='ltr'>antea</span> <span class='ocrx_word' id='word_1_342' title='bbox 857 2599 1057 2639; x_wconf 86' lang='lat' dir='ltr'>virtutem</span> <span class='ocrx_word' id='word_1_343' title='bbox 1079 2598 1217 2639; x_wconf 89' lang='lat' dir='ltr'>doceri</span> <span class='ocrx_word' id='word_1_344' title='bbox 1238 2611 1360 2651; x_wconf 88' lang='lat' dir='ltr'>posse</span> <span class='ocrx_word' id='word_1_345' title='bbox 1381 2597 1605 2652; x_wconf 86' lang='lat' dir='ltr'>negabam,</span> <span class='ocrx_word' id='word_1_346' title='bbox 1637 2608 1752 2636; x_wconf 83' lang='lat' dir='ltr'>nunc</span> 
     </span>
     <span class='ocr_line' id='line_1_45' title="bbox 331 2651 1751 2711; baseline -0.005 -12"><span class='ocrx_word' id='word_1_347' title='bbox 331 2659 411 2699; x_wconf 88' lang='lat' dir='ltr'>hoc</span> <span class='ocrx_word' id='word_1_348' title='bbox 432 2658 569 2711; x_wconf 89' lang='lat' dir='ltr'>ipsum</span> <span class='ocrx_word' id='word_1_349' title='bbox 593 2657 775 2709; x_wconf 86' lang='lat' dir='ltr'>affirmo,</span> <span class='ocrx_word' id='word_1_350' title='bbox 807 2654 918 2709; x_wconf 87' lang='lat' dir='ltr'>quod</span> <span class='ocrx_word' id='word_1_351' title='bbox 939 2668 1055 2695; x_wconf 90' lang='lat' dir='ltr'>meae</span> <span class='ocrx_word' id='word_1_352' title='bbox 1087 2654 1245 2695; x_wconf 89' lang='lat' dir='ltr'>rationi</span> <span class='ocrx_word' id='word_1_353' title='bbox 1273 2653 1427 2694; x_wconf 88' lang='lat' dir='ltr'>mirum</span> <span class='ocrx_word' id='word_1_354' title='bbox 1457 2655 1660 2707; x_wconf 89' lang='lat' dir='ltr'>quantum</span> <span class='ocrx_word' id='word_1_355' title='bbox 1681 2651 1751 2692; x_wconf 87' lang='lat' dir='ltr'>ad-</span> 
     </span>
     <span class='ocr_line' id='line_1_46' title="bbox 333 2709 1753 2767; baseline -0.005 -12"><span class='ocrx_word' id='word_1_356' title='bbox 333 2718 543 2764; x_wconf 82' lang='lat' dir='ltr'>versatur,</span> <span class='ocrx_word' id='word_1_357' title='bbox 584 2713 741 2767; x_wconf 87' lang='lat' dir='ltr'>quippe</span> <span class='ocrx_word' id='word_1_358' title='bbox 773 2711 1064 2752; x_wconf 84' lang='lat' dir='ltr'>demonstrare</span> <span class='ocrx_word' id='word_1_359' title='bbox 1096 2709 1269 2751; x_wconf 89' lang='lat' dir='ltr'>studens</span> <span class='ocrx_word' id='word_1_360' title='bbox 1301 2723 1448 2750; x_wconf 89' lang='lat' dir='ltr'>omnes</span> <span class='ocrx_word' id='word_1_361' title='bbox 1479 2710 1677 2760; x_wconf 87' lang='lat' dir='ltr'>virtutes,</span> <span class='ocrx_word' id='word_1_362' title='bbox 1711 2710 1753 2749; x_wconf 89' lang='lat' dir='ltr'>et</span> 
     </span>
     <span class='ocr_line' id='line_1_47' title="bbox 334 2765 1752 2821; baseline -0.005 -10"><span class='ocrx_word' id='word_1_363' title='bbox 334 2770 539 2811; x_wconf 88' lang='lat' dir='ltr'>iustitiam</span> <span class='ocrx_word' id='word_1_364' title='bbox 578 2772 620 2809; x_wconf 88' lang='lat' dir='ltr'>et</span> <span class='ocrx_word' id='word_1_365' title='bbox 657 2767 984 2821; x_wconf 87' lang='lat' dir='ltr'>temperantiam</span> <span class='ocrx_word' id='word_1_366' title='bbox 1016 2769 1058 2807; x_wconf 91' lang='lat' dir='ltr'>et</span> <span class='ocrx_word' id='word_1_367' title='bbox 1087 2765 1402 2815; x_wconf 83' lang='lat' dir='ltr'>fortitudinem,</span> <span class='ocrx_word' id='word_1_368' title='bbox 1445 2765 1622 2805; x_wconf 87' lang='lat' dir='ltr'>scientia</span> <span class='ocrx_word' id='word_1_369' title='bbox 1654 2778 1752 2805; x_wconf 90' lang='lat' dir='ltr'>con-</span> 
     </span>
     <span class='ocr_line' id='line_1_48' title="bbox 336 2819 1751 2879; baseline -0.004 -12"><span class='ocrx_word' id='word_1_370' title='bbox 336 2827 487 2867; x_wconf 88' lang='lat' dir='ltr'>tineri:</span> <span class='ocrx_word' id='word_1_371' title='bbox 519 2839 599 2879; x_wconf 90' lang='lat' dir='ltr'>qua</span> <span class='ocrx_word' id='word_1_372' title='bbox 631 2824 802 2878; x_wconf 89' lang='lat' dir='ltr'>quidem</span> <span class='ocrx_word' id='word_1_373' title='bbox 832 2823 998 2864; x_wconf 86' lang='lat' dir='ltr'>ratione</span> <span class='ocrx_word' id='word_1_374' title='bbox 1028 2822 1207 2876; x_wconf 87' lang='lat' dir='ltr'>probata</span> <span class='ocrx_word' id='word_1_375' title='bbox 1237 2821 1369 2863; x_wconf 88' lang='lat' dir='ltr'>virtus</span> <span class='ocrx_word' id='word_1_376' title='bbox 1400 2821 1580 2862; x_wconf 84' lang='lat' dir='ltr'>maxime</span> <span class='ocrx_word' id='word_1_377' title='bbox 1611 2819 1751 2862; x_wconf 87' lang='lat' dir='ltr'>doceri</span> 
     </span>
    </p>
   </div>
  </div>
 </body>
</html>
