1907 3230
639 163 704 198 AD
731 161 1076 197 PRoTAGoRAM.
1516 162 1571 204 29

151 267 280 322 igitur
317 267 381 307 est
411 265 673 306 simillimum
709 277 801 304 eum
834 263 946 303 hanc
977 263 1031 303 ob
1064 275 1233 302 causam
1265 260 1447 302 Thurios
1476 276 1570 315 pro-

150 323 308 364 fectum
351 335 441 362 esse
485 321 665 374 indeque
704 319 749 360 in
780 318 984 371 Siciliam,
1032 332 1113 371 qua
1153 317 1197 357 in
1236 317 1375 357 insula
1415 331 1439 357 a
1477 318 1570 358 Pla-

149 382 252 419 tone
285 377 426 431 (Hipp.
450 376 482 421 I.
508 392 548 431 p.
572 375 654 417 282
677 375 734 429 D)
770 375 900 415 fuisse
925 374 1089 423 dicitur,
1121 373 1201 413 iter
1221 373 1383 413 fecisse.
1430 373 1570 427 Atque

152 433 405 476 Plutarchus
428 433 473 473 in
493 433 579 473 vita
601 431 775 473 Periclis
797 432 850 485 (c.
869 430 942 485 36)
964 431 1124 481 narrat,
1148 428 1441 482 Xanthippum
1465 443 1570 483 quos

150 493 272 544 pater
303 504 397 530 cum
420 489 658 542 Protagora
689 487 844 528 habere
875 486 1024 527 solitus
1055 486 1110 525 sit
1142 499 1356 525 sermones
1385 485 1449 525 ira
1475 485 1571 525 duc-

151 551 238 587 tum
286 545 540 600 divulgasse.
609 545 647 584 A
693 542 922 584 Plutarcho
965 542 1092 582 etiam
1136 541 1266 581 verba
1309 540 1571 595 Protagorae

150 604 316 643 servata
347 603 447 642 sunt
477 599 645 642 Consol.
677 599 729 639 ad
758 599 900 652 Apoll.
926 612 958 638 c.
983 598 1050 650 33,
1082 597 1233 651 quibus
1264 596 1333 637 hic
1365 597 1571 651 exposuit,

150 672 276 712 quam
309 672 352 703 se
384 658 648 698 constantem
677 655 863 696 Pericles
891 655 1138 708 praestaret,
1170 667 1298 706 quum
1328 654 1452 694 ambo
1484 653 1571 694 eius

151 714 227 754 filii
248 715 361 754 intra
382 716 476 754 octo
499 712 586 753 dies
602 711 691 752 vita
707 712 1005 752 decessissent:
1026 711 1117 750 τῶν
1133 708 1265 748 υἱέων
1276 710 1509 760 (Παράλου
1526 723 1572 749 τε

151 769 224 811 καὶ
245 769 534 823 Ξανθίππου)
566 769 806 821 νεηνιῶν
833 765 1009 807 ὄντων
1038 764 1128 805 καὶ
1151 765 1350 816 καλῶν,
1386 766 1437 806 έν
1459 762 1572 805 ὀκτώ

151 825 199 867 δὲ
217 832 311 873 ταῖς
331 826 499 879 πάσῃσι
520 822 707 878 ἡμέρῃσι
725 821 1052 864 ἀποθανόντων
1074 819 1334 873 νηπενθέως
1349 819 1550 873 ἀνέτλη..
1563 852 1571 860 .

153 882 239 930 πᾶς
268 882 334 929 τίς
363 895 436 935 μιν
467 878 588 935 ὁρῶν
618 877 672 920 τά
703 878 873 920 ἑωυτοῦ
904 878 1074 919 πένθεα
1097 876 1355 929 ἐρρωμένως
1378 876 1573 930 φέροντα

150 933 469 991 μεγαλόφρονά
511 951 557 977 τε
593 934 667 976 καὶ
706 934 919 988 ἀνδρεῖον
960 932 1100 974 ἐδόκει
1140 929 1254 972 εἶναι
1291 933 1364 972 καὶ
1404 931 1574 974 ἑωυτοῦ

153 994 362 1047 κρείσσω,
396 992 536 1046 κάρτα
569 989 697 1040 εἰδώς
726 989 805 1044 τήν
836 990 1007 1032 ἑωυτοῦ
1041 989 1091 1031 ἐν
1122 988 1314 1028 τοιοῖσδε
1345 988 1575 1042 πράγμασι

151 1048 420 1103 ἀμηχανίην,
460 1063 511 1089 ex
551 1048 703 1103 quibus
742 1046 954 1101 probabili
987 1046 1231 1087 coniectura
1262 1044 1403 1099 colligi
1434 1046 1576 1098 potest

151 1105 434 1160 Protagoram
465 1108 555 1145 tum
596 1105 745 1154 etiam,
786 1117 914 1157 quum
945 1101 1008 1142 illi
1039 1101 1348 1150 moriebantur,
1390 1101 1574 1141 Athenis

155 1165 369 1202 versatum
409 1175 510 1204 esse.
572 1160 652 1202 Sed
684 1159 832 1200 iisdem
865 1173 969 1212 quos
999 1156 1239 1212 significavi
1270 1157 1394 1197 annis
1427 1155 1574 1197 Prota-

153 1231 301 1271 goram
335 1218 503 1270 saepius
534 1216 586 1257 ab
607 1216 787 1258 Athenis
819 1215 1003 1256 abfuisse
1028 1229 1078 1254 ex
1099 1213 1150 1254 iis
1174 1212 1446 1266 cognoscitur
1467 1225 1575 1266 quae

154 1272 275 1314 Plato
317 1287 412 1313 eum
450 1274 495 1313 in
535 1272 614 1312 hoc
653 1271 819 1325 dialogo
852 1274 907 1324 (p.
929 1270 1011 1311 316
1033 1269 1083 1321 O)
1124 1269 1475 1322 pronuntiantem
1513 1268 1576 1309 in-

156 1329 286 1370 duxit.
348 1328 496 1382 Itaque
527 1328 695 1368 irritum
727 1326 828 1367 illud
853 1325 1065 1367 Athenaei
1096 1326 1393 1380 argumentum
1424 1326 1576 1378 putan-

153 1385 250 1425 dum
284 1387 368 1439 est,
401 1384 473 1425 sed
504 1398 633 1438 quum
664 1383 793 1424 verba
823 1382 1096 1436 Hippocratis
1129 1383 1186 1435 (p.
1209 1380 1292 1421 310
1312 1380 1367 1433 E)
1400 1381 1459 1420 ἔτι
1490 1378 1576 1434 γάρ

154 1448 258 1490 παῖς
287 1441 336 1494 ἠ,
378 1439 451 1481 ὅτε
481 1440 530 1481 τὸ
562 1439 782 1493 πρότερον
813 1437 1094 1491 ἐπεδήμησεν
1123 1451 1389 1491 nequaquam
1421 1436 1481 1477 ita
1512 1450 1576 1477 ac-

157 1497 353 1551 cipienda
383 1497 480 1550 sint,
512 1500 559 1537 ut
588 1496 769 1550 primam
792 1494 1006 1549 sophistae
1027 1494 1293 1534 mansionem
1312 1492 1493 1533 Athenis
1515 1493 1577 1532 in-

155 1553 418 1608 telligamus,
449 1552 521 1594 sed
551 1551 809 1606 proximam,
842 1552 893 1592 ad
925 1551 1035 1591 lianc
1065 1552 1256 1591 nostram
1287 1549 1578 1603 quaestionem

153 1608 261 1650 nihil
292 1609 434 1662 refert,
467 1611 598 1663 quota
628 1608 702 1649 illa
731 1607 871 1648 fuerit.

265 1665 414 1719 Neque
451 1665 609 1706 rectius
641 1664 887 1705 Athenaeus
925 1665 1113 1716 tempus,
1152 1675 1235 1715 quo
1276 1660 1344 1702 hic
1383 1660 1577 1715 dialogus

155 1721 325 1763 habitus
357 1735 446 1762 esse
469 1721 661 1775 fingitur,
694 1719 926 1773 Hipponici
947 1721 1083 1759 morte
1105 1717 1280 1758 definire
1305 1719 1479 1757 conatus
1501 1719 1576 1769 est,

157 1792 280 1832 quem
321 1791 395 1818 cur
424 1780 516 1818 tum
546 1777 631 1817 iam
661 1779 874 1816 mortuum
906 1789 996 1815 esse
1027 1773 1268 1826 credamus,
1310 1774 1422 1813 iusta
1453 1786 1578 1813 causa

153 1848 240 1874 11011
271 1833 425 1875 subest.
473 1832 517 1875 Si
549 1833 642 1887 quis
664 1831 881 1873 Socratem
911 1845 959 1872 ex
982 1830 1130 1871 Piraeo
1151 1830 1396 1870 redeuntem
1420 1831 1462 1869 et
1484 1842 1574 1869 cum

155 1889 473 1943 Thrasymacho
505 1888 698 1942 sophista
730 1888 905 1941 aliisque
937 1900 1152 1927 sermones
1183 1900 1226 1926 se
1257 1885 1453 1925 habuisse
1485 1898 1580 1925 nar-

155 1948 320 1988 rantem
352 1944 718 1999 interrogavisset,
750 1943 925 1984 ubinam
956 1942 999 1983 id
1029 1942 1216 1991 fecisset,
1246 1941 1316 1981 ille
1339 1940 1578 1994 respondis-

155 2005 240 2043 set:
273 2000 393 2054 παρά
414 2000 694 2055 Πολεμάρχῳ
725 2001 787 2054 τῷ
807 1998 1038 2053 Κεφάλου,
1070 1999 1130 2038 ait
1151 1998 1264 2038 enim
1286 1998 1378 2050 ipse
1401 1997 1470 2050 (de
1492 2010 1580 2050 rep.

155 2073 195 2112 p.
218 2058 300 2099 328
322 2059 379 2110 Β)
412 2056 588 2111 ἀπῇμεν
618 2054 729 2109 πρὸς
749 2053 798 2096 τὸ
818 2054 950 2096 ἄστυ·
1005 2052 1233 2109 uon-udaias:
1261 2087 1269 2094 .
1293 2051 1581 2106 Πολέμαρχος

156 2113 179 2155 ὁ
203 2112 420 2167 Κεφάλου
452 2112 661 2154 ἐκέλευσε
691 2117 945 2165 περιμεῖναι
968 2144 975 2151 .
1000 2146 1008 2153 .
1030 2110 1145 2164 ᾑμεν
1175 2109 1259 2150 οὐν
1290 2109 1486 2150 οἴκαδε
1508 2109 1582 2156 εἰς

162 2171 256 2211 τοῦ
289 2168 665 2222 Πολεμάρχου.
711 2168 777 2209 Ex
808 2167 873 2208 his
898 2166 1037 2208 verbis
1059 2166 1110 2207 ad
1133 2165 1456 2206 Polemarchum
1479 2178 1580 2206 con—

157 2229 368 2268 venerunt
398 2228 440 2266 et
470 2227 618 2279 postea
650 2225 818 2265 demum
850 2222 1131 2277 comperimus
1154 2221 1390 2275 Cephalum
1420 2221 1464 2261 in
1494 2221 1582 2262 vita

161 2296 251 2323 esse
283 2284 325 2322 et
354 2283 397 2322 in
430 2282 574 2322 eadem
607 2280 731 2322 domo
762 2281 934 2332 versari,
967 2279 1084 2319 cuius
1114 2278 1275 2319 mentio
1304 2278 1339 2318 si
1360 2291 1445 2318 non
1467 2277 1582 2318 facta

159 2342 289 2392 esset,
323 2337 470 2380 Cicero
502 2337 640 2390 Epist.
683 2336 733 2377 ad
767 2336 896 2380 Attic.
928 2334 1003 2376 IV.
1036 2334 1087 2376 16
1123 2348 1209 2375 non
1239 2334 1449 2388 potuisset
1481 2333 1581 2375 scri-

158 2395 256 2435 bere
292 2394 337 2435 in
367 2393 565 2435 Piraeum
596 2392 814 2434 Socratem
854 2391 1018 2432 venisse
1050 2390 1101 2431 ad
1133 2389 1368 2444 Cephalum
1398 2390 1580 2444 locuple-

158 2454 246 2492 tem
277 2453 320 2491 et
348 2450 550 2491 festivum
578 2463 735 2490 senem.
781 2447 903 2496 Quod
934 2462 1063 2501 quum
1084 2447 1213 2487 simili
1234 2447 1398 2488 ratione
1419 2445 1581 2499 Hippo-

160 2510 296 2548 crates
341 2507 383 2547 in
426 2506 662 2560 Protagora
709 2506 767 2558 (p.
799 2505 872 2545 311
913 2505 969 2558 A)
1017 2502 1247 2557 sophistam
1294 2502 1345 2543 ad
1384 2501 1578 2554 Calliam,

159 2562 392 2617 Hipponici
423 2562 571 2615 filium,
605 2561 832 2602 devertisse
864 2560 978 2613 dicit,
1009 2573 1096 2601 non
1129 2560 1178 2600 de
1199 2558 1443 2612 Hipponico
1475 2560 1580 2599 tam-

161 2633 288 2673 quam
318 2620 486 2660 mortuo
518 2618 724 2672 loquitur,
765 2616 874 2658 nihil
905 2620 1044 2657 autem
1076 2615 1159 2656 fuit
1189 2629 1358 2665 causac,
1391 2628 1476 2664 cur,
1508 2613 1581 2654 ubi

161 2674 232 2716 ille
264 2677 393 2725 esset,
426 2677 785 2716 commemoraret.
846 2672 993 2714 Potuit
1022 2674 1162 2713 autem
1193 2670 1460 2726 Hipponicus
1490 2673 1582 2711 tum

163 2809 337 2860 ῥηρίτης,
363 2806 471 2843 καθά
498 2820 616 2852 φησιν
637 2804 889 2851 ‘Homul-eidus
915 2803 933 2841 ὁ
955 2804 1144 2846 Ποντικὸς
1170 2803 1210 2841 ἔν
1237 2809 1316 2845 τοῖς
1335 2805 1422 2848 περὶ
1442 2803 1578 2848 νόμων,

163 2866 203 2893 ος
229 2853 293 2887 καὶ
320 2855 498 2897 Θουρίοις
522 2852 662 2898 νόμους
688 2850 835 2897 γράψαι
862 2853 980 2895 φησὶν
1004 2848 1130 2886 αὐτόν.
