1939 3214
354 121 407 162 36
724 117 922 153 CODICES
948 116 1216 159 EORUMQUE
1241 116 1415 152 NOTAE.

352 221 503 256 invenit.
545 219 601 254 De
627 230 702 264 qua
727 230 765 254 re
792 230 906 262 quum
931 218 1099 262 pluribus
1125 217 1390 262 explicaverim
1405 218 1444 252 in
1461 218 1771 253 commentatione

352 266 398 301 de
422 264 681 300 vetustissimis
706 264 872 299 Platonis
899 263 1087 298 codicibus
1112 264 1150 298 et
1174 276 1195 297 ν
1220 259 1478 307 ἐφελκυστικῷ
1506 263 1646 303 (Jahrb.
1673 263 1698 299 f.
1724 263 1768 298 cl.

352 310 486 346 Philol.
514 314 598 345 1881
624 321 660 354 p.
682 310 887 352 553,.-5ss1)‚
915 309 984 343 hoc
1008 320 1120 342 unum
1146 307 1357 352 exemplum
1380 307 1440 342 hic
1463 307 1594 343 afferre
1618 307 1771 343 suffece-

350 356 409 390 rit.
455 356 496 389 In
520 354 755 399 Euthydemo
787 355 836 399 (p.
855 358 920 389 280
936 353 984 398 D)
1011 353 1234 388 Bodleianus
1263 353 1379 387 habet
1406 346 1424 386 ὃ
1457 350 1504 397 δὴ
1532 351 1652 399 τούτῳ
1683 355 1772 388 καλ·

352 403 430 446 λίῳ,
456 411 501 435 ex
519 400 655 443 quibus
672 409 781 434 nemo
799 409 964 442 unquam
982 399 1196 433 coniectura
1212 408 1340 432 veram
1354 396 1521 432 Platonis
1537 398 1770 442 scripturam,

349 457 462 490 quam
482 445 646 480 Venetus
665 456 748 479 cum
767 443 928 479 Stobaeo
948 443 1068 487 (fioril.
1091 447 1165 486 103,
1182 447 1238 484 29)
1257 442 1424 487 praebet,
1449 438 1525 487 ἤδη
1550 443 1661 478 τοῦτο
1690 441 1772 477 ἵκα-

349 490 422 526 vo'v
448 490 644 525 restituere
669 489 806 534 potuit.
853 489 901 522 Et
925 488 1017 523 haec
1042 488 1156 523 verba
1180 498 1255 522 non
1280 487 1387 522 unius
1412 487 1565 529 scribae,
1592 488 1656 522 sed
1681 487 1773 522 mul-

348 539 473 570 torum
499 534 675 579 deinceps
692 534 963 568 mutationibus
979 534 1017 567 in
1034 531 1237 567 Bodleiana
1255 533 1431 576 corrupta
1448 533 1543 566 sunt.
1579 532 1774 577 Corruptio

351 582 433 615 orta
458 581 515 615 est
539 580 586 614 ab
614 576 761 622 ἴκανόν,
789 579 891 613 cuius
915 577 1080 612 medium
1099 579 1140 612 N
1159 588 1226 622 pro
1245 582 1302 613 AI
1318 577 1487 611 habitum
1505 577 1574 621 est,
1601 578 1639 612 et
1655 577 1775 612 scriba

352 647 557 688 Bodleiani,
585 647 649 690 qui
674 647 748 682 iam
773 646 917 681 invenit
941 641 961 680 ὃ
988 642 1036 690 δὴ
1062 642 1182 690 τούτῳ
1207 633 1325 680 ‘nami'
1345 645 1381 685 (i.
1401 655 1431 679 e.
1449 642 1631 686 κάλλιον),
1656 654 1771 687 quum

351 693 421 727 hoc
446 692 709 736 compendium
734 691 900 736 syllabae
927 704 970 726 ον
994 691 1197 735 ignoraret,
1223 689 1365 724 effinxit
1387 691 1543 736 καλλίῳ.
1591 689 1675 723 Nou
1700 689 1771 733 igi—

351 739 412 772 tur
429 737 690 773 emendatione
709 737 775 771 sed
791 736 994 781 integriore
1012 734 1283 781 propagatione
1300 735 1443 770 factum
1461 736 1526 775 est,
1549 735 1590 768 ut
1603 733 1773 768 Platonis

353 783 473 818 oratio
498 784 536 817 in
562 783 707 817 Veneto
733 781 903 826 plurimis
927 780 1026 816 vitiis
1051 781 1188 815 careat.
1236 780 1338 822 Quae
1363 792 1478 824 quum
1502 780 1557 814 ita
1581 779 1673 821 sint,
1699 789 1775 813 non

351 828 523 863 dubitavi
555 828 591 862 in
618 827 786 862 lectionis
812 826 1046 869 diversitate,
1078 826 1108 859 si
1131 824 1324 868 utriusque
1351 825 1487 859 codicis
1513 825 1698 869 scriptura
1722 823 1776 857 lo-

350 884 434 908 cum
458 874 598 908 habere
623 874 760 917 potest,
786 872 890 915 sequi
904 871 1091 906 Venetum
1115 872 1157 904 ut
1180 882 1216 915 p.
1240 875 1305 905 315
1320 870 1361 913 B,
1387 881 1423 914 p.
1442 874 1506 905 317
1530 870 1573 913 D,
1598 881 1634 913 p.
1654 873 1719 904 330
1735 868 1776 911 B,

350 919 414 955 sed
439 932 460 954 ν
485 918 596 953 finale
621 919 708 953 ante
733 918 977 952 consonantes
1003 927 1047 951 ne
1073 927 1118 951 ex
1144 926 1187 950 eo
1213 916 1374 959 quidem,
1400 926 1627 959 quamquam
1654 914 1774 948 multo

349 963 469 999 rarius
494 974 607 1008 quam
624 963 850 997 Bodleianus
875 963 1040 1006 usurpat⁷
1065 961 1200 1005 recepi,
1227 961 1328 1004 quod
1351 961 1393 995 ut
1416 961 1438 997 l.
1464 961 1487 996 l.
1515 959 1771 994 demonstravi

352 1009 581 1043 usitatissimi
606 1009 676 1042 fuit
699 1008 811 1042 moris
836 1007 1083 1049 librariorum,
1108 1006 1149 1040 ut
1173 1007 1268 1040 hanc
1293 1006 1456 1040 litteram
1481 1005 1546 1039 ubi
1570 1004 1772 1048 scriptores

353 1053 456 1088 attici
479 1064 554 1088 non
578 1054 782 1098 posuerunt
806 1052 998 1094 adderent,
1026 1062 1140 1095 quare
1167 1050 1267 1094 apud
1283 1051 1480 1085 Platonem
1498 1050 1612 1084 etiam
1629 1049 1668 1083 in
1685 1059 1770 1083 ver-

354 1099 454 1134 sibus
486 1109 577 1143 quos
609 1098 737 1133 attulit
767 1097 1097 1142 deprehendimus,
1134 1095 1303 1139 quamvis
1333 1097 1452 1129 metro
1484 1095 1545 1129 vel
1575 1095 1775 1139 poetarum

354 1144 620 1179 consuetudine
653 1147 869 1188 respuatur,
901 1143 944 1176 ut
967 1142 1116 1186 Protag.
1148 1152 1182 1184 p.
1202 1144 1267 1175 314
1286 1140 1331 1182 O,
1355 1140 1449 1177 Men.
1468 1152 1505 1185 p.
1523 1144 1565 1176 81
1582 1139 1629 1183 Β,
1663 1137 1773 1182 Gorg.

353 1202 388 1235 p.
411 1194 475 1224 492
493 1189 534 1233 Ε,
561 1200 679 1232 eoque
703 1199 801 1223 more
827 1188 977 1231 Protag.
1002 1197 1037 1231 p.
1057 1190 1122 1222 346
1140 1186 1171 1220 D
1198 1187 1310 1221 etiam
1337 1183 1544 1230 ἐπαίνημιν
1569 1196 1636 1230 pro
1664 1181 1773 1218 ἐπαί-

355 1249 445 1281 νημι
471 1235 652 1279 scriptum
677 1235 743 1269 est.

467 1280 524 1315 Ad
557 1280 756 1322 utrumque
787 1279 919 1312 horum
944 1277 1111 1312 codicum
1142 1276 1362 1321 signandum
1389 1274 1560 1310 Schanzii
1586 1274 1701 1316 notis,
1736 1277 1777 1307 ut

355 1337 425 1371 par
450 1326 517 1368 est,
541 1337 628 1359 usus
654 1336 752 1366 sum;
778 1325 834 1359 est
858 1322 971 1367 igitur

469 1370 499 1404 B
527 1370 703 1410 (Bekkeri
728 1373 772 1409 Ἡ)
799 1368 1032 1412 Bodleianus,

469 1415 498 1450 Τ
524 1415 700 1457 (Bekkeri
725 1417 750 1458 t)
778 1414 952 1449 Venetus.

471 1460 546 1496 Alii
565 1461 720 1502 codices,
747 1469 906 1502 quorum
924 1457 1203 1492 emendationes
1219 1455 1481 1491 memorandae
1500 1465 1578 1490 esse
1597 1454 1775 1489 videban-

361 1509 433 1549 tur,
460 1506 609 1550 vulgari
633 1516 735 1540 more
761 1503 961 1549 significati
986 1504 1080 1540 sunt.
