1907 3230
664 127 730 162 AD
756 127 1104 163 PROTAGORAM.
1581 131 1606 173 7

186 231 322 284 piunt,
355 243 629 283 quaecunque
660 229 741 282 ipsi
770 228 993 282 loquentes
1025 228 1306 284 inducuntur,
1346 243 1394 270 ea
1425 233 1498 271 aut
1527 245 1605 285 pro

185 286 316 348 Sssusta
355 285 612 339 loquacitate
649 283 827 338 habent,
867 287 940 325 aut
980 284 1025 325 in
1063 285 1402 326 cavillationibus
1440 288 1606 339 ponunt

185 341 238 382 ad
269 341 576 383 obscurandam
606 340 831 381 veritatem
859 343 901 381 et
922 340 1181 382 audientium
1204 344 1369 383 mentes
1391 342 1605 396 decipien-

185 398 259 439 das
290 397 504 438 adhibitis.

298 455 338 494 A
360 453 521 508 vulgari
544 452 625 493 1100
645 451 800 492 iudicio
822 452 1056 492 recentiore
1077 454 1213 493 aetate
1230 455 1455 507 postquam
1476 467 1606 507 quum

185 509 258 550 alii
295 509 373 550 viri
412 507 586 563 docti¹⁷)
622 510 715 548 tum
745 507 956 562 Georgius
988 507 1182 562 Groteffl)
1215 509 1500 562 sophistarum
1531 524 1606 563 pa-

186 565 418 606 trocinium
457 565 734 617 susceperunt
774 577 950 617 eamque
982 578 1151 605 causam
1182 579 1338 619 magno
1369 567 1412 606 et
1440 565 1606 620 ingenii

186 624 228 661 et
263 621 480 662 doctrinae
511 622 721 673 apparatu
752 622 946 674 egerunt,
979 621 1115 674 magis
1146 622 1365 675 magisque
1392 635 1605 663 recessum

186 678 268 727 est,
310 679 352 718 et
389 676 595 730 imprimis
626 675 884 730 Protagoras
922 676 1006 716 iam
1045 677 1229 730 undique
1267 677 1451 717 maxima
1482 677 1604 719 laude

185 733 432 783 cumulatur,
457 746 582 786 quem
607 733 706 772 sunt
728 731 799 785 qui
824 731 968 773 dicant
983 731 1223 773 adversario
1241 747 1316 773 suo
1334 733 1460 788 longe
1477 733 1606 776 fuisse

182 788 392 841 potiorem
409 802 457 829 ac
473 787 594 829 valde
612 788 842 829 dolendum
859 802 962 840 esse,
979 787 1093 841 quod
1103 788 1241 841 Plato,
1262 789 1333 842 qui
1352 790 1438 830 suis
1451 789 1501 830 de
1515 790 1603 831 ani—

182 858 348 884 morum
370 858 594 898 rerumque
616 846 767 884 natura
788 844 1038 885 commentis
1056 844 1190 885 cultui
1210 847 1252 885 et
1266 844 1524 886 humanitati
1547 846 1600 887 ad

183 899 295 941 hunc
306 899 416 941 diem
426 900 601 954 officiat,
612 900 826 954 sophistae
837 900 992 953 placita
1003 899 1244 954 eloquentia
1256 915 1331 942 sua
1340 901 1603 956 obruerit.¹9)

183 954 275 1003 Qua
305 956 350 996 in
381 957 593 998 sententia
613 970 867 1010 quamquam
888 955 966 997 hoc
987 956 1258 997 vehementer
1279 957 1608 1011 improbandum

185 1014 266 1061 est,
299 1012 410 1066 quod
441 1013 580 1063 Plato,
612 1026 694 1066 quo
726 1013 915 1053 omnium
948 1011 1206 1053 Graecorum
1237 1027 1361 1054 nemo
1394 1014 1443 1054 de
1475 1013 1607 1055 animi

185 1067 349 1109 cultura
390 1070 433 1109 et
469 1068 747 1109 humanitatis
779 1069 929 1109 studiis
959 1068 1110 1109 melius
1143 1071 1207 1110 est
1237 1069 1434 1123 meritus,
1474 1069 1606 1110 homi-

184 1137 286 1164 num
321 1125 597 1179 prosperitati
627 1125 931 1179 repugnavisse
963 1124 1129 1175 dicitur,
1161 1125 1264 1166 illud
1295 1128 1439 1167 tamen
1462 1140 1608 1167 verum

183 1183 270 1230 est,
309 1181 353 1220 in
395 1182 626 1222 certamine
665 1184 814 1222 contra
854 1180 1066 1234 sophistas
1097 1183 1292 1235 suscepto
1323 1196 1411 1222 non
1441 1196 1606 1236 semper

185 1249 279 1276 eum
311 1240 427 1277 recta
457 1237 622 1278 ratione
652 1237 875 1278 victoriam
906 1250 1004 1277 suae
1038 1251 1187 1277 causae
1217 1237 1445 1290 paravisse.
1498 1237 1608 1278 Mul-

183 1292 239 1332 tis
271 1291 313 1332 id
345 1293 548 1347 exemplis
580 1293 751 1346 probari
780 1295 932 1346 potest.
986 1294 1127 1346 Atque
1158 1293 1201 1333 in
1235 1292 1315 1334 hoc
1346 1293 1529 1348 dialogo,
1560 1296 1607 1334 ut

183 1346 387 1401 Hippiam
427 1350 499 1402 qui
540 1348 814 1402 opinionibus
853 1349 1027 1389 inflatus
1060 1363 1108 1389 ac
1139 1349 1324 1389 tumidus
1357 1350 1608 1390 describitur

185 1406 412 1458 transeam,
444 1404 611 1446 Prodici
644 1419 825 1458 persona
856 1418 1028 1459 prorsus
1059 1404 1259 1446 indecora
1290 1407 1353 1446 est
1384 1409 1511 1459 atque
1533 1406 1607 1447 ab·

183 1473 289 1501 sona
334 1461 386 1501 iis
424 1475 528 1514 quae
568 1461 669 1502 alibi
701 1460 823 1502 Plato
863 1461 913 1501 de
953 1475 1001 1502 eo
1039 1461 1285 1513 tradiditw)
1346 1461 1480 1510 Quem
1514 1462 1605 1516 ipse

298 1610 352 1649 17)
380 1605 482 1647 Quae
515 1606 704 1650 sophistae
736 1607 774 1640 et
804 1606 1004 1650 praecipue
1028 1604 1056 1638 ii
1081 1605 1145 1648 qui
1169 1606 1356 1650 principes
1381 1607 1419 1640 in
1445 1609 1525 1641 arte
1550 1618 1607 1641 so-

181 1650 985 1730 ἓὲῑὸἒέἰᾞὲῖῗὲθἙῑὲεῗὲῗιὲἕέἓέῑἔὲᾖῗξῗῖὲζῖἓ
996 1650 1402 1730 ᾳέἒθῖἒὲἓνῗῗίἒίῗῖἶὲ
1423 1651 1607 1731 ἓέιῑῗὲἓὲἐ

397 1720 400 1726 i
856 1713 867 1729 J

182 1739 332 1774 omnino
358 1741 475 1775 secuti
501 1741 586 1775 sunt
613 1741 677 1782 qui
696 1707 872 1783 antiquale
890 1707 1147 1784 philosophiae
1165 1707 1358 1775 historiariii
1378 1741 1604 1784 scripserunt

183 1786 249 1819 aut
281 1784 325 1818 de
357 1785 511 1830 singulis
545 1785 719 1828 sophistis
750 1787 922 1819 accurate
949 1786 1210 1828 exposuerunt.
1259 1784 1367 1818 Ultra
1390 1796 1607 1830 progressus

182 1830 240 1864 est
264 1828 409 1872 Lewes;
440 1831 470 1864 is
496 1830 691 1864 Platonem
722 1829 941 1872 primarium
973 1828 1179 1872 sophistam
1204 1830 1316 1863 fuisse
1342 1830 1432 1864 dicit
1459 1830 1605 1873 (Geseh.

184 1874 217 1910 d.
244 1884 278 1911 a.
297 1874 431 1909 Philos.
460 1875 585 1909 Berlin
603 1877 697 1908 1871.
717 1874 746 1915 Ι,
763 1878 840 1916 312,
857 1879 920 1908 221
938 1874 1013 1917 al.)‚
1041 1874 1104 1916 qui
1122 1885 1195 1908 non
1213 1874 1345 1909 melius
1358 1885 1441 1908 cum
1459 1875 1603 1919 sophis—

181 1919 251 1959 tis,
298 1929 410 1962 quam
446 1919 714 1962 Aristophanes
751 1930 833 1953 cum
872 1919 1023 1953 Socrate
1068 1919 1205 1962 egerit,
1244 1930 1445 1963 eorumque
1484 1930 1606 1954 mores

181 1963 396 2008 ingeniique
437 1965 511 1998 vim
541 1968 692 2007 praeter
720 1964 831 1998 fidem
864 1964 1097 2007 expresserit.
1162 1963 1214 1999 Cf.
1248 1964 1374 2008 Lange
1407 1964 1537 2002 Gesch,
1569 1965 1603 1999 d.

179 2008 439 2043 Materialism.
466 2009 496 2050 I,
523 2013 576 2049 28,
604 2013 644 2043 31
672 2009 728 2043 de.

298 2055 352 2096 18)
380 2054 494 2088 Grote
525 2053 598 2088 vol.
627 2053 730 2093 VIII,
764 2064 799 2096 p.
826 2056 892 2088 480
931 2053 1185 2098 (Interpretat.
1218 2053 1410 2088 Meiszner.
1444 2055 1515 2088 vol.
1543 2053 1606 2096 IV,

183 2110 217 2142 p.
246 2101 328 2141 580)
361 2098 397 2132 in
423 2099 480 2132 his
503 2097 801 2142 Xenophonteis:
834 2097 1041 2142 γράμματα
1065 2095 1187 2133 πολλοὶ
1215 2129 1222 2136 .
1251 2128 1257 2134 .
1284 2100 1450 2140 ποιητῶν
1478 2111 1517 2134 τε
1542 2100 1607 2134 καὶ

184 2145 376 2186 σοφιστῶν
401 2145 475 2178 τῶν
503 2140 842 2187 εὐδοκιμωτάτων,
871 2154 966 2187 quae
991 2143 1224 2179 Memorabil.
1250 2143 1313 2180 lib,
1339 2143 1401 2185 IV,
1427 2154 1456 2178 c.
1481 2148 1500 2177 2
1526 2144 1606 2180 init.

184 2188 324 2232 scripta
350 2188 600 2228 inveniuntur,
626 2187 808 2222 vocabulo
835 2188 1026 2231 σοφιστῶν
1050 2188 1252 2232 significari
1276 2188 1354 2222 vult
1378 2198 1512 2233 prosae
1530 2200 1607 2224 ora-

186 2233 296 2267 tionis
322 2234 532 2277 scriptores.
573 2232 675 2274 Quae
700 2232 963 2275 interpretatio
988 2233 1033 2267 iis
1068 2243 1164 2276 quae
1193 2232 1427 2270 Memorabil.
1454 2233 1482 2276 I,
1509 2237 1539 2276 6,
1567 2238 1607 2268 14

181 2278 379 2321 habentur,
405 2278 555 2312 minime
580 2278 704 2321 potest
729 2277 914 2319 constitui,
939 2288 1061 2320 neque
1078 2277 1151 2311 loci
1169 2277 1376 2312 sententiae
1394 2279 1606 2322 respondet.

183 2322 439 2367 Euthydemus
470 2322 574 2356 libris
607 2322 774 2366 legendis
806 2322 853 2355 ad
878 2322 1077 2356 dicendum
1102 2324 1141 2357 et
1165 2322 1213 2356 ad
1237 2333 1295 2357 res
1319 2324 1502 2367 gerendas
1528 2322 1606 2356 ani-

182 2378 283 2401 mum
321 2368 456 2402 dicitur
479 2377 706 2412 praeparare
732 2366 932 2408 studuisse3
966 2367 1065 2411 quod
1091 2378 1162 2411 quo
1187 2367 1298 2401 modo
1324 2368 1464 2411 optime
1490 2368 1607 2410 fieret,

185 2412 434 2456 sophistarum
465 2413 488 2447 i.
523 2423 554 2446 0.
594 2412 799 2455 sapientiae
835 2412 1086 2455 professorum
1123 2412 1255 2456 τέχναι
1291 2412 1441 2456 aliaque
1478 2423 1606 2447 eorum

185 2458 323 2501 scripta
355 2458 583 2492 indicabant.
633 2457 687 2491 Ea
717 2457 831 2500 igitur
862 2458 1062 2501 praecipue
1094 2456 1258 2501 collegit.
1309 2457 1387 2491 Nec
1419 2457 1512 2491 ratio
1540 2458 1603 2492 ob-

183 2512 291 2536 scura
324 2504 397 2546 est,
430 2513 496 2537 cur
519 2504 670 2545 praeter
695 2501 943 2546 sophistarum
969 2502 1086 2536 libros
1111 2503 1273 2536 maxime
1297 2503 1493 2545 poetarum
1519 2512 1607 2536 con-

183 2547 350 2590 gesserit.
398 2547 520 2581 Etiam
545 2546 748 2583 Memor-ab,
774 2546 802 2588 Ι,
830 2550 858 2586 1,
887 2551 925 2580 11
959 2547 1148 2591 sophistae
1173 2547 1201 2580 ii
1227 2547 1290 2589 qui
1315 2546 1360 2581 de
1386 2547 1497 2581 rebus
1523 2557 1605 2581 coe-

184 2592 342 2626 lestibus
369 2592 600 2636 quaerebant
625 2602 761 2634 easque
788 2592 974 2626 docebant
996 2591 1228 2636 intelligendi
1253 2593 1354 2634 sunt,
1387 2601 1460 2625 non
1484 2591 1605 2636 philo-

182 2636 300 2679 sophi,
326 2636 372 2674 cf,
398 2637 495 2674 Plat,
519 2636 671 2680 Protag.
699 2640 763 2671 315
782 2635 820 2671 C.

300 2685 355 2723 19)
382 2681 464 2719 Vid.
490 2681 600 2715 Ernst
623 2681 733 2716 Laas:
764 2681 979 2716 Idealisrnus
1004 2693 1038 2716 u.
1064 2680 1320 2715 Positivismus
1335 2680 1473 2724 (Berlin
1492 2683 1604 2725 1879),

186 2735 260 2769 quo
286 2726 382 2761 libro
400 2726 682 2761 sensualismum
700 2728 968 2770 Protagoreurn
986 2737 1124 2770 magno
1141 2725 1281 2770 ingenii
1299 2726 1468 2760 acumine
1486 2737 1604 2760 resus-

185 2770 299 2806 citare
325 2771 545 2816 aggreditur
570 2771 811 2814 Platonisque
838 2770 1027 2806 doctrinae
1053 2771 1337 2805 fundamentum
1361 2771 1572 2815 impugnat.

304 2820 361 2859 20)
388 2816 575 2860 Prodicus,
602 2817 666 2859 qui
690 2816 726 2850 in
745 2815 904 2851 Lachete
922 2827 957 2860 p.
980 2820 1041 2851 197
1059 2816 1087 2850 Ε
1114 2816 1364 2859 sophistarum
1390 2816 1529 2860 optime
1546 2826 1608 2851 vo-
