1907 3230
78 880 109 905 10

76 1216 108 1241 15

542 165 880 202 PR-OTAGORAS.
905 165 944 200 P.
971 168 1036 200 356
1062 165 1128 200 ST.

1473 169 1554 210 175

136 264 259 307 ἐστὶν
290 263 392 306 ἀλλ’
427 261 452 319 ἢ
486 262 710 320 ὑπερβολὴ
742 263 948 320 ἀλλήλων
979 266 1054 307 καὶ
1085 267 1299 316 ἔλλειψιςς
1339 269 1478 309 ταῦτα
1509 266 1549 309 δ’

134 331 228 373 ἐστὶ
265 333 394 386 μείζω
432 347 477 373 τε
517 334 589 374 καὶ
630 331 899 386 σμικρότερα
944 333 1187 386 γιγνόμενα
1225 331 1434 387 ἀλλήλων
1480 334 1554 376 καὶ

133 400 271 440 πλείω
311 399 385 440 καὶ
426 398 592 441 ἐλάττω
632 397 706 440 καὶ
741 400 914 452 μᾶλλον
951 398 1025 440 καὶ
1060 392 1205 453 ἧττον.
1269 401 1311 442 εἰ
1352 401 1440 454 γάρ
1489 416 1554 450 τις

135 465 258 518 λέγοι
305 463 371 507 ὅτι
409 463 523 506 ἄλλα
561 463 677 506 πολύ
708 465 926 520 διαφέρει,
958 458 994 507 (5
1024 467 1285 521 Σώκρατες,
1325 467 1373 508 τὸ
1405 481 1553 520 παρα-

131 534 278 586 χρῆμα
316 529 403 586 ἡδύ
441 534 521 573 τοῦ
561 533 623 580 εἰς
663 530 741 574 τὸν
780 531 972 587 ὕστερον
1012 532 1179 588 χρόνον
1217 533 1291 575 καὶ
1320 531 1449 588 ἡδέος
1479 534 1553 575 καὶ

135 601 362 653 λυπηροῦ,
401 602 499 652 μῶν
535 598 657 655 ἄλλῳ
695 614 776 655 τω,
810 601 947 654 φαίην
977 595 1034 642 ἂν
1065 602 1216 654 ἔγωγε,
1249 597 1276 655 ἢ
1306 599 1446 656 ἡδονῇ
1478 602 1552 643 καὶ

132 665 273 720 λύπης
307 663 361 706 οὐ
391 665 476 720 γὰρ
508 664 608 707 ἔσθ’
642 664 728 722 ὅτῳ
750 665 882 722 ἄλλῳ.
930 665 1029 709 ἀλλ’
1063 665 1210 719 ὥσπερ
1232 665 1404 721 ἀγαθὸς
1426 667 1548 709 ἱστά-
1574 674 1604 707 Β
1627 681 1642 700 ε

134 748 206 774 ναι
227 731 482 786 ἅνθρωπος,
516 732 702 782 συνθεὶς
729 732 782 774 τά
814 731 918 788 ἡδέα
950 732 1024 774 καὶ
1056 736 1241 784 συνθεὶς
1271 734 1323 776 τὰ
1356 736 1551 789 λυπηρά,

131 799 204 841 καὶ
243 798 291 841 τὸ
332 798 463 852 ἐγγύς
501 800 575 839 καὶ
613 797 661 840 τὸ
700 800 856 853 πόρρω
896 802 1059 855 στήσας
1098 800 1147 842 έν
1185 805 1245 856 τῷ
1276 804 1407 857 ζυγῷ,
1442 804 1550 855 εἰπέ,

132 866 298 919 πότερα
319 868 455 907 πλείω
479 865 615 907 ἐστίν.
661 864 744 908 {dv
764 868 845 921 μὲν
876 865 962 921 γὰρ
993 866 1101 922 ἡδέα
1131 863 1242 922 πρὸς
1271 867 1379 923 ἡδέα
1413 869 1550 923 ι’στῇς,

129 932 182 974 τὰ
220 935 349 987 μείζω
389 931 455 974 ἀεὶ
496 933 570 974 καὶ
606 936 744 975 πλείω
787 935 971 989 ληπτέα·
1021 933 1102 976 ἐὰν
1142 935 1190 977 δὲ
1232 934 1410 990 λυπηρὰ
1440 937 1553 991 πρὸς

130 999 330 1054 λυπηρά,
369 999 422 1040 τὰ
461 999 627 1042 ἐλάττω
659 1001 734 1042 καὶ
764 1002 1043 1055 σμικρότερα.
1108 1001 1190 1044 ἐὰν
1221 1002 1270 1045 δὲ
1300 1001 1408 1058 ἡδέα
1439 1002 1552 1058 πρὸς

131 1067 327 1121 λυπηρά,
377 1066 457 1108 ἐὰν
502 1067 585 1122 μὲν
629 1066 682 1109 τὰ
726 1065 891 1122 ἀνιαρὰ
937 1067 1274 1124 ὑπερβαλληται
1320 1069 1408 1111 ὑπὸ
1458 1074 1551 1112 τῶν

132 1132 294 1188 ἡδέων,
336 1133 417 1176 εὀἷυ
453 1149 499 1175 τε
535 1133 587 1175 τὰ
629 1133 763 1188 ἐγγύς
802 1134 889 1178 ὑπὸ
929 1139 1018 1178 τῶν
1056 1135 1233 1191 πόρρω,
1281 1137 1362 1179 εἰίν
1408 1153 1454 1179 τε
1498 1136 1551 1179 τὰ

131 1202 285 1256 πόρρω
317 1198 402 1243 ὑπὸ
435 1205 525 1242 τῶν
556 1201 700 1256 ἐγγύς,
732 1202 899 1258 ταύτην
929 1202 1010 1258 τὴν
1041 1205 1201 1257 πρᾶξιν
1224 1205 1462 1259 πρακτέον,
1496 1205 1547 1246 ἐν
1573 1208 1600 1243 C

128 1336 263 1370 festum
293 1337 365 1378 est,
394 1335 522 1370 Cicero
547 1336 585 1370 in
612 1336 801 1371 codicibus

129 1381 205 1415 suis
229 1380 323 1425 legit
349 1390 506 1423 eamque
532 1392 599 1425 pro
633 1382 804 1431 substan-

128 1426 206 1459 tivo
231 1425 384 1467 habuit;
413 1435 534 1468 neque
567 1426 644 1460 veri
677 1428 733 1461 est
756 1426 802 1460 si·

127 1469 215 1504 mile
240 1470 349 1505 illius
371 1470 564 1505 scientiam
589 1471 627 1504 id
652 1481 804 1514 prorsus

127 1515 283 1559 fugisse,
311 1517 454 1550 essetne
481 1512 502 1558 ἡ
531 1512 674 1558 ἀναξία
699 1527 804 1560 grae-

129 1571 212 1594 cum
249 1560 471 1594 vocabulum
502 1571 629 1595 necne.
680 1543 803 1605 Atque

128 1615 285 1650 graecae
312 1604 461 1649 linguae
493 1605 642 1659 legibus
665 1616 803 1648 nequa-

129 1659 240 1699 quam
277 1651 482 1703 repugnat:
521 1661 565 1684 ex
603 1648 694 1693 ἀξία
725 1651 805 1685 fieri

128 1693 251 1738 potuit
275 1691 419 1737 ἀναξία
445 1694 575 1729 eodem
602 1695 712 1729 modo
731 1705 804 1738 quo

129 1750 173 1774 ex
205 1740 398 1797 γυμνασίᾳ
430 1739 570 1773 factum
602 1741 658 1790 est
689 1737 806 1784 οέγυμ-

128 1786 255 1819 νασία.
305 1783 411 1818 Τ3113
436 1783 560 1825 Plato,
591 1784 621 1818 si
646 1795 718 1819 non
745 1795 805 1819 ex-

128 1829 315 1871 stiterunt,
331 1811 666 1879 argumentationis
680 1829 806 1874 gratia

128 1874 237 1918 plura
268 1874 420 1908 novavit
445 1884 556 1918 quam
583 1875 697 1918 vulgo
724 1885 800 1909 cre-

128 1919 237 1953 ditur.
287 1918 333 1953 cf.
361 1918 409 1952 de
439 1929 519 1963 rep
546 1918 598 1952 VI
622 1931 657 1964 p
684 1923 750 1954 489
775 1919 803 1952 Β

128 1964 240 2019 λέγει’,
268 1960 316 2003 ὡς
342 1959 524 2008 ἄχρηστοι
552 1991 559 1997 .
589 1992 596 2000 .
622 1965 690 2008 τῆς
715 1964 804 2008 μέν

127 2021 185 2043 τοι
212 2006 475 2063 ἀχρηστίας
494 2004 584 2050 mg„
609 2009 748 2044 ibidem
765 2022 801 2063 p.

125 2057 192 2088 485
217 2052 244 2088 C
276 2053 345 2102 τὴν
378 2034 644 2096 ἀψεύδειαν
669 2054 734 2088 καὶ
760 2052 802 2090 τὸ

129 2095 288 2138 ἑκόντας
304 2102 406 2133 εἰναι
420 2097 580 2153 μηδαμῇ
596 2099 801 2154 προσδέχε-

127 2146 222 2178 σθαι
255 2141 297 2177 τὸ
329 2143 493 2195 ψεῦδος,
533 2142 630 2178 ἀλλὰ
661 2150 798 2196 μισεῖν,

126 2184 285 2277 ξ’ἐέρῑῖἷζ
315 2185 359 2266 02²
371 2187 462 2276 {1222
472 2200 576 2268 ⁵1:25?
593 2201 658 2268 eg?
663 2203 726 2269 ⁶53
732 2202 802 2269 {5131

125 2282 212 2322 post
236 2288 320 2312 eum
347 2277 528 2312 vocabulo
548 2277 798 2328 διαφορότης,

127 2322 226 2366 quod
259 2324 436 2366 tanquam
469 2323 702 2358 Platonicum
737 2335 802 2358 no-

125 2368 302 2402 taverunt
321 2379 347 2402 3.
366 2380 397 2404 v
417 2367 552 2402 Moeris
578 2370 615 2402 et
639 2367 800 2403 Thomas

125 2411 223 2465 Mag.
261 2412 337 2447 Nec
363 2412 456 2446 alius
483 2413 636 2457 originis
662 2415 719 2447 est
744 2415 798 2448 δι-

125 2455 298 2501 καιότης,
324 2457 369 2492 (10
387 2467 460 2512 quo
478 2458 551 2493 vid.
571 2458 617 2492 ad
636 2469 670 2502 p.
686 2458 801 2493 331Β.

174 2506 201 2538 1.
228 2503 371 2536 ταῦτα
399 2500 438 2537 δ’
473 2499 567 2537 ἐστὶ
594 2504 652 2547 —J
681 2502 802 2538 ταῦτα

124 2547 147 2580 1
181 2557 210 2581 e.
249 2544 439 2603 ὑπερβάλλ
578 2549 642 2581 καὶ
685 2545 801 2583 ἐλλεί-

124 2604 257 2628 ποντα.
295 2589 371 2626 ἐστὶ
396 2592 434 2626 in
493 2590 539 2626 τὰ
557 2590 658 2636 ἡδέα
678 2605 715 2627 τε
734 2594 799 2628 καὶ

125 2631 279 2686 ᾇνιαρά.
328 2636 429 2671 Η300
465 2637 519 2671 113
555 2648 704 2680 quoque
738 2638 799 2672 acl-

125 2681 229 2734 iungi
264 2683 459 2726 poterant:
499 2695 611 2717 τουτο
649 2681 687 2716 δ’
721 2680 799 2717 ἐστὶ

126 2723 166 2759 τὸ
215 2728 330 2769 μείζω
378 2739 417 2761 τε
459 2727 525 2761 καὶ
574 2724 800 2781 σμικρότερα

126 2771 331 2814 γίγνεσθαι
379 2767 569 2825 ἀλλήλων
592 2769 665 2809 κτέ,
726 2773 799 2806 Α-(Ι

124 2815 255 2850 verbia
285 2815 432 2859 μᾶλλον
459 2818 523 2851 καὶ
549 2810 663 2861 ἧττον
689 2817 800 2861 signi-

125 2859 239 2894 ficant
274 2861 324 2895 im
354 2861 489 2896 holtem
530 2863 609 2897 und
648 2863 800 2897 ηεέᾱενη

877 1338 1012 1379 Grada,
1034 1338 1239 1382 eademque
1258 1339 1401 1374 ratione
1420 1341 1550 1374 crebro

875 1394 959 1417 cum
999 1383 1192 1418 adieetivis
1234 1384 1473 1429 copulantur,
1515 1396 1550 1421 v.

873 1427 986 1472 Hipp
1013 1428 1029 1461 Ι
1053 1439 1089 1471 p.
1115 1432 1180 1463 299
1205 1429 1248 1464 D.
1298 1429 1489 1464 Phaedon.
1515 1441 1550 1473 p.

875 1477 917 1507 93
932 1473 960 1506 Β
980 1474 1017 1507 et
1035 1474 1079 1510 cf
1101 1473 1214 1508 etiam
1233 1473 1379 1509 Phileb.
1396 1485 1430 1518 p
1443 1478 1483 1508 41
1500 1474 1554 1508 D:

875 1514 924 1557 ὡς
973 1515 1015 1552 τὸ
1057 1515 1204 1573 μᾷλλόν
1245 1531 1284 1554 τε
1325 1519 1389 1554 καὶ
1435 1515 1549 1573 ἧττον

873 1562 988 1608 ἄμφω
1030 1563 1150 1598 τούτω
1192 1562 1399 1619 δέχεσθον,
1449 1562 1548 1617 λύπη

876 1621 915 1642 τε
933 1608 999 1642 καὶ
1017 1604 1152 1652 ἡδονή,
1180 1609 1244 1644 καὶ
1264 1605 1324 1644 ὅτι
1350 1609 1422 1643 τῶν
1442 1605 1549 1644 απεί-

876 1666 950 1695 ρων
977 1653 1082 1696 εἰτην
1111 1654 1306 1698 (εἰἭρηται)

920 1718 950 1750 4.
970 1713 1018 1749 τὸ
1044 1716 1327 1759 παραχρῆμα
1353 1713 1444 1758 ἡδὺ
1471 1717 1548 1750 τοῦ

875 1759 934 1804 —]
963 1758 1193 1793 Heusdius
1226 1770 1323 1803 spec.
1355 1760 1434 1794 crit.
1452 1772 1488 1805 p.
1508 1765 1550 1795 77

875 1805 960 1854 post
994 1801 1071 1847 ἡδύ
1104 1803 1191 1838 addi
1223 1804 1304 1838 vult
1335 1804 1400 1839 καὶ
1431 1808 1549 1849 λυπη-

876 1845 955 1891 ρόν,
991 1859 1064 1893 quo
1103 1849 1290 1883 sententia
1325 1849 1437 1893 plena.
1473 1850 1551 1884 effi-

875 1893 1005 1936 ciatur‚
1035 1893 1100 1928 sed
1125 1893 1232 1929 facile
1257 1895 1296 1928 id
1321 1894 1550 1938 cogitatione

874 1938 1041 2019 3οΡρΙ1Ξο11
1080 1940 1226 1983 potest,
1263 1951 1298 1973 v.
1323 1950 1408 1977 ann.
1434 1939 1481 1974 ad
1512 1952 1548 1984 p.

919 2043 949 2076 7
975 2032 1123 2082 ω’σπερ
1150 2035 1335 2084 ἀγαθὸς
1360 2038 1551 2075 ἴστοέναι

874 2084 928 2129 -]
955 2083 1031 2118 sed
1056 2084 1197 2119 sicuti
1222 2085 1349 2134 homo
1375 2085 1549 2135 ponde-

872 2128 1007 2163 randi
1031 2129 1226 2172 peritus,
1253 2129 1311 2163 iis
1336 2140 1452 2173 quae
1482 2141 1549 2164 111

873 2173 1022 2208 cunda
1091 2175 1194 2208 sunt
1255 2175 1549 2219 compositis,

872 2219 1076 2262 itemque
1108 2218 1225 2261 illis,
1259 2229 1376 2261 quae
1408 2220 1549 2254 mole-

873 2265 972 2303 sta,
1021 2264 1114 2296 tum
1153 2263 1414 2307 propinquo
1456 2265 1549 2298 tum

871 2307 1123 2351 longinquo
1148 2319 1228 2352 per
1253 2308 1416 2343 libram
1443 2320 1547 2344 exa-

870 2353 1062 2395 minato,
1103 2353 1232 2387 nobis
1263 2353 1406 2396 dicas,
1444 2356 1549 2388 utra,

870 2397 1006 2441 plura,
1030 2397 1132 2432 sint.

920 2463 970 2493 1⁶2.
1005 2456 1083 2494 ἐὰν
1111 2458 1159 2494 δε
1181 2457 1318 2516 ἡδέα
1331 2457 1446 2503 πρὸς
1473 2463 1548 2494 λυ-

872 2501 1010 2548 πηρά,
1038 2501 1119 2539 ἐὰν
1144 2517 1225 2547 μεν
1253 2501 1344 2549 mg]
1372 2516 1407 2539 31
1440 2514 1548 2539 vero

871 2548 1106 2583 iucunda
1137 2560 1244 2583 cum
1275 2549 1547 2591 molestis,

872 2593 1053 2637 quando
1108 2594 1360 2628 iniucunda
1408 2605 1430 2628 a
1477 2595 1545 2627 iu-

872 2639 1031 2673 cundis
1091 2640 1388 2689 superantur,
1449 2640 1548 2674 sive

871 2683 1133 2728 propinqua
1158 2694 1180 2717 3
1204 2683 1412 2726 remotis,
1446 2683 1547 2718 sive

871 2731 1047 2763 remota
1077 2740 1098 2763 a
1130 2728 1425 2773 propinquis,
1465 2728 1547 2763 hoc

872 2773 1017 2817 ipsum
1068 2773 1327 2808 faciendum
1369 2774 1456 2816 est,
1502 2774 1545 2807 in

871 2827 958 2861 quo
991 2818 1033 2852 id
1065 2818 1194 2859 insit,
1234 2818 1345 2853 xidel.
1377 2818 1459 2862 plus
1491 2819 1545 2851 iu-

871 2863 1098 2905 cunditatis„
1111 2845 1238 2899 Stccl'lb.
