1907 3230
569 158 900 196 PROTAGORAS.
926 158 965 193 P.
994 162 1059 194 334
1085 157 1150 195 ST.
1489 160 1565 200 117

115 277 118 280 ’
149 261 413 314 δυσχέρειαν
451 259 719 313 κατασβέσαι
760 257 842 313 τὴν
876 257 948 300 ἐπὶ
979 265 1073 308 ταῖς
1104 258 1341 312 αἰσθήσεσι
1371 265 1465 307 ταῖς
1495 258 1567 301 διὰ

94 879 124 905 10

92 1215 123 1239 15

147 329 238 369 τῶν
269 327 408 381 ῥινῶν
439 327 710 381 γιγνομένην
742 325 790 367 ἐν
820 332 913 374 τοῖς
945 328 1099 374 σιτίοις
1129 340 1175 367 τε
1207 325 1280 367 καὶ
1312 323 1451 375 ὄψοις.

261 394 363 449 Cap.
393 394 532 436 XXII.
573 393 793 441 Εἰπόντος
825 386 908 433 οὖν
939 395 1078 433 ταῦτα
1110 391 1249 434 αὐτοῦ
1280 392 1325 433 οἱ
1352 391 1569 445 παρόντες

147 460 518 516 ἀνεθορύβησαν,
552 457 609 509 ὠς
641 474 689 500 ευ
723 459 854 513 λέγοι.
905 460 979 500 καὶ
1012 457 1097 512 ε’γω
1131 455 1276 500 εἷπον·
1317 454 1370 500 ἶΩ
1406 463 1565 513 Πρωτ-

149 527 313 582 αγόρα,
346 526 430 581 ε’γώ
462 526 666 581 τυγχάνω
700 526 958 580 ἐπιλήσμων
988 541 1053 576 τις
1091 542 1156 568 ων
1192 525 1454 581 ἅνθρωπος,
1494 526 1567 567 καὶ

147 593 227 637 ε’άν
264 597 328 645 τίς
366 609 441 650 μοι
478 591 626 649 μακρὰ
665 593 794 649 λέγῃ,
837 593 1195 649 ἐπιλανθάνομαι
1228 593 1328 648 περὶ
1361 595 1415 635 οὐ
1447 587 1502 634 ἂν
1532 587 1561 648 ᾗ
1586 600 1642 637 D

147 660 344 715 λὸόγος.
405 660 554 715 ω’σπερ
594 655 679 701 οὖν
717 662 758 702 εἰ
797 660 1043 714 ἐτύγχανον
1082 659 1325 715 ὑπόκωφος
1356 659 1435 714 ὤν,
1475 659 1567 715 ᾤου

145 725 203 770 ἄν
233 732 416 783 χρῆναι,
450 732 572 782 εἴπερ
604 727 782 781 ἔμελλές
811 742 885 780 μοι
917 727 1210 781 διαλέξεσθαι,
1243 730 1392 781 μεῖζον
1423 728 1567 781 φθέγ-

147 800 309 849 γεσθαι
339 795 368 849 ἦ
398 794 510 849 πρὸς
540 793 646 843 τούς
675 792 855 848 ἄλλους,
889 792 1006 835 οὕτω
1038 796 1112 835 καὶ
1143 797 1246 848 νῦν,
1281 793 1433 848 ἐπειδὴ
1468 794 1566 836 ἐπι-

149 861 339 916 λήσμονι
362 860 576 915 ἐνέτυχες,
610 860 831 914 σύντεμνέ
847 876 922 914 μοι
953 860 1030 911 τὰς
1061 859 1318 915 ἀποκρίσεις
1348 862 1422 902 καὶ
1453 863 1564 915 βρα-

144 928 331 984 χυτέρας
361 930 493 982 ποίει,
527 930 566 970 εἰ
594 929 738 982 μέλλω
772 940 841 969 σοι
873 927 1072 971 ἕπεσθαι.
1125 931 1230 978 Πῶς
1262 923 1346 970 οὖν
1367 929 1566 977 κελεύεις

145 1011 198 1050 με
228 996 394 1050 βραχέα
432 994 781 1049 ἅποκρίνεσθαι;
819 991 847 1049 ἢ
884 995 1139 1050 βραχύτεραΙ
1177 1007 1270 1050 σοι,
1305 997 1411 1050 ἔφη,
1453 993 1563 1036 ἄπο-

146 1065 363 1118 κρίνωμαι
400 1063 427 1117 ἢ
464 1064 550 1117 δεῖς
587 1063 838 1117 Μηδαμῶς,
878 1055 935 1116 ἦν
967 1062 1011 1104 δ’
1054 1063 1155 1117 ἐγώ.
1214 1062 1328 1104 Ἀλλ’
1362 1061 1444 1104 ὅσα
1476 1065 1563 1113 δεῖς
1590 1070 1618 1104 Ε

145 1133 244 1185 ἔφη.
296 1132 403 1184 Ναί,
435 1123 492 1184 ἦν
523 1129 566 1171 δ’
601 1129 698 1183 ε’γω’.
747 1129 927 1184 Πότερα
959 1123 1041 1171 οὖν
1073 1129 1156 1171 ὅσα
1188 1129 1284 1184 ἐμοὶ
1316 1130 1444 1172 δοκεῖ
1470 1131 1567 1172 δεῖν

147 1197 495 1252 ἀποκρίνεσθαι,
542 1197 738 1241 τοσαῦτά
783 1209 853 1239 σοι
898 1196 1228 1252 ἀποκρίνωμαι,
1274 1194 1302 1252 ἢ
1347 1196 1430 1238 ὅσα
1475 1199 1564 1244 σοί;

142 1263 330 1319 Ἀκήκοα
370 1268 503 1318 γοῦν,
544 1258 600 1319 ἦν
640 1264 680 1306 δ’
723 1264 831 1318 ἐγώ,
872 1263 937 1306 ὅτι
969 1263 1024 1305 σύ
1055 1259 1150 1313 οἷός
1179 1263 1217 1306 τ’
1259 1262 1298 1307 εἷ
1328 1265 1402 1306 καὶ
1433 1262 1567 1314 αὐτὸς

146 1332 219 1374 καὶ
257 1329 398 1373 ἄλλον
429 1331 605 1381 διδάξαι
642 1332 743 1386 περὶ
782 1334 872 1373 τῶν
911 1329 1062 1373 αὐτῶν
1102 1333 1175 1373 καὶ
1213 1330 1362 1387 μακροὶ
1401 1333 1564 1386 λέγειν,

148 1398 227 1441 ἐὰν
257 1398 422 1454 βούλῃ,
457 1397 618 1451 οὕτως,
653 1397 765 1440 ὥστε
796 1397 875 1440 τὸν
906 1399 1044 1451 λόγον
1075 1400 1295 1454 μηδέποτε
1328 1400 1564 1454 ἐπιλιπεῖν,

261 1527 289 1560 1
331 1520 409 1557 διὰ
447 1523 532 1557 τῶν
570 1520 708 1567 ρινῶν
734 1521 811 1565 ΒΤ,
856 1522 920 1556 sed
956 1523 1100 1558 veteres
1136 1522 1296 1567 saporis,
1332 1535 1405 1559 non
1443 1523 1566 1558 odoris

147 1577 258 1602 causa
291 1567 338 1602 ad
371 1567 473 1602 cibos
504 1568 616 1611 atque
650 1569 804 1612 opsonia
834 1567 915 1602 oleo
946 1578 1032 1602 usos
1065 1579 1142 1603 esse
1174 1568 1425 1619 demonstravi
1457 1567 1562 1603 Stud

144 1611 273 1656 philol.
287 1624 322 1656 p.
339 1615 401 1648 831
419 1623 499 1665 sqq,⁴
518 1622 676 1655 eamque
702 1613 748 1646 ob
774 1623 926 1647 oausam
954 1624 1070 1657 prop
1059 1611 1167 1648 ἰνῶν
1192 1614 1230 1647 in
1248 1624 1306 1657 pri
1296 1614 1372 1648 iore
1399 1613 1561 1648 editione

145 1658 364 1702 scripseram
393 1660 533 1702 χυμῶν,
567 1668 680 1700 quam
706 1657 957 1692 coniecturam
982 1658 1158 1715 probavit
1182 1658 1350 1692 Torstrik
1375 1659 1443 1692 Lit.
1472 1657 1564 1693 Cen-

145 1702 384 1737 tralbl.1867
410 1713 463 1736 nr.
488 1706 530 1736 22
555 1713 594 1745 p.
621 1705 685 1736 595
709 1702 882 1745 idemque
908 1703 1025 1737 verba
1051 1700 1112 1738 ἐπὶ
1139 1708 1222 1742 ταῖς
1248 1701 1458 1753 αἰσθήσεσι
1481 1708 1565 1742 ταις

147 1746 306 1781 delenda
330 1747 488 1789 censuit;
514 1757 635 1796 neque
660 1758 756 1781 nunc
781 1747 874 1780 mihi
900 1747 1054 1781 dubium
1081 1748 1148 1789 est,
1175 1747 1262 1791 quin
1284 1747 1404 1791 Plato,
1431 1759 1459 1782 Sl
1476 1747 1566 1782 Pro-

146 1795 316 1836 tagoram
350 1791 385 1825 h.
410 1791 434 1825 l.
461 1791 506 1825 de
538 1790 610 1826 olei
641 1792 776 1825 natura
807 1802 951 1836 usuque
983 1792 1206 1827 sententiam
1237 1792 1410 1827 idoneam
1442 1792 1564 1842 profe

145 1838 288 1871 rentem
314 1838 434 1871 facere
461 1835 576 1871 volui
569 1838 647 1879 set,
674 1838 802 1881 χυμῶν
826 1837 886 1871 vel
910 1839 1054 1881 πικρῶν
1078 1857 1122 1862 —-
1146 1837 1220 1872 sive
1247 1837 1464 1881 simpliciter
1489 1848 1564 1871 Sive

147 1892 228 1916 cum
255 1882 384 1925 χυμῶν
409 1901 449 1906 -
476 1880 588 1915 fuerit
618 1883 823 1931 positurus,
856 1882 920 1916 sed
955 1882 1059 1917 illum
1091 1882 1160 1916 hoc
1185 1881 1308 1917 facere
1334 1882 1494 1916 noluisse
1521 1893 1564 1916 ex

146 1935 209 1968 eo,
239 1926 327 1969 quia
356 1925 582 1970 Protagoras
617 1925 698 1960 aliis
731 1926 844 1961 etiam
880 1927 970 1962 locis
1003 1937 1025 1961 a
1057 1927 1180 1961 medio
1215 1927 1365 1970 dialogo
1391 1927 1482 1962 risui
1507 1938 1566 1961 ex-

144 1969 287 2014 positus
320 1971 394 2012 est,
425 1955 514 2005 licet
546 1970 736 2014 suspicari.
785 1970 897 2006 Plura
922 1972 967 2006 de
993 1972 1062 2006 hae
1087 1982 1126 2006 re
1151 1971 1225 2006 vid.
1251 1972 1406 2016 praefat
1432 1984 1468 2017 p.
1494 1971 1565 2006 V11

146 2016 184 2050 et
206 2015 411 2065 prolegom.
435 2027 470 2060 p.
496 2019 528 2050 8.
602 2019 652 2050 10.
686 2016 763 2051 καὶ
798 2017 1093 2061 βραχυτέρας
1124 2018 1251 2069 ποίει
1280 2016 1362 2050 ΒΤ·
1396 2018 1499 2060 haec,
1526 2019 1567 2050 ut

144 2059 240 2094 taha
271 2060 406 2103 solent,
439 2060 565 2095 delent
588 2060 762 2105 Hirschig
794 2062 831 2096 et
863 2061 992 2096 Cobet.
1074 2066 1125 2098 12
1158 2057 1491 2113 α’ποκρίνωμαι
1517 2062 1564 2095 T:

144 2087 478 2184 ξπὲκξίνομαι,
431 2104 478 2147 Β,
517 2116 613 2149 quae
650 2105 771 2141 forma
808 2106 919 2141 tertio
957 2117 1064 2141 versu
1100 2108 1186 2151 post
1220 2106 1257 2140 in
1283 2108 1440 2151 utroque
1469 2106 1563 2140 libro

172 2160 194 2184 a
222 2160 241 2184 e
261 2161 304 2183 ur

189 2266 220 2296 4.
253 2258 308 2302 ὡς
341 2255 387 2297 εὖ
415 2260 560 2307 λέγοι]
590 2263 707 2306 quod
731 2265 821 2297 tam
892 2260 1046 2314 ἀνδρός,
1073 2259 1176 2305 ὅστις
1204 2261 1249 2299 ἐν
1266 2265 1439 2317 βραχεῖ
1459 2267 1563 2317 (pau-

145 2307 258 2341 bene
285 2306 579 2359 lofflqueretur
605 2307 650 2341 cf.
665 2319 701 2351 p.
719 2308 821 2343 315ss
893 2308 942 2343 cie
967 2309 1104 2364 verbis)
1136 2307 1300 2349 πολλοὺς
1331 2308 1452 2349 καλῶς
1485 2305 1565 2349 οἰός

145 2345 286 2397 ἥσθην,
315 2347 362 2393 ὠς
389 2352 511 2392 καλῶς
546 2350 792 2407 ευλαβοῦντο.
892 2365 931 2388 τε
958 2352 1186 2397 συντέμνειν
1214 2353 1360 2407 λόγους,

194 2401 245 2431 10.
264 2397 342 2431 καὶ
361 2395 653 2441 βραχυτέρας
678 2398 820 2441 ποίει]
940 2402 990 2433 13.
1015 2402 1089 2443 Μη
1102 2401 1191 2443 δαμ
1202 2413 1277 2442 ως,
1307 2398 1364 2453 ἠν
1389 2398 1426 2434 6
1463 2396 1478 2434 ἒ
1487 2396 1561 2455 ym']

146 2440 247 2476 Haec
272 2452 345 2476 non
370 2441 593 2484 redundant,
620 2443 683 2476 sed
710 2453 818 2477 accu-
892 2412 1454 2497 Βε]ιιϊιε.η1ῃιεῃ.ραχύτερα
1473 2412 1564 2478 ayne-

145 2485 262 2520 ratius
288 2486 458 2522 Socrates
475 2497 552 2521 rem
570 2487 684 2521 verbo
702 2488 819 2521 trans·
890 2491 1024 2533 κρίνου
1050 2483 1072 2532 ἢ
1101 2491 1174 2524 δεῖ.
1210 2488 1233 2523 h
1252 2499 1354 2523 eneX.
1381 2501 1416 2533 p.
1436 2493 1500 2524 2343
1520 2489 1562 2522 C:

146 2531 222 2565 lato
265 2532 519 2583 (συντέμνειν)
570 2532 816 2575 significatam
890 2533 1093 2592 μηδαμῶς,
1141 2533 1168 2568 ὠ
1210 2533 1425 2577 Σωκρατες·
1475 2529 1559 2567 ἅλ’λ.

146 2586 242 2610 nune
268 2576 453 2621 exprimit,
479 2589 514 2611 v.
540 2589 576 2621 p.
602 2582 667 2612 314
692 2578 740 2610 A:
767 2577 817 2622 μή
892 2577 986 2620 εἰπέ,
1011 2579 1077 2614 και
1103 2576 1208 2613 πάνυ
1234 2583 1369 2623 χαριεῖ.
1403 2578 1559 2613 Phaedr.

145 2619 233 2662 περὶ
260 2626 338 2661 τοῖς
365 2618 562 2663 φιλτάτοις
589 2620 754 2675 κυβεύῃς
780 2635 819 2656 τε
952 2628 1018 2658 234
1043 2624 1085 2661 D
1113 2636 1145 2658 v.
1170 2624 1293 2660 annot.
1320 2624 1364 2658 ad
1390 2635 1426 2667 p.
1441 2623 1561 2659 3181)».

147 2665 211 2699 καὶ
237 2664 481 2723 κινδυνεύῃς.
509 2667 635 2702 320B:
655 2665 820 2711 κάμπτο·
892 2667 1019 2704 Stallb.

146 2722 214 2752 μαι
246 2713 311 2747 καὶ
346 2710 457 2754 οἶμαί
479 2714 519 2747 τί
541 2724 580 2747 σε
606 2711 743 2766 λέγειν.
775 2712 821 2749 al.
939 2717 988 2748 18.
1010 2725 1118 2749 ωστε
1139 2727 1216 2749 τον
1235 2710 1367 2758 λογ
1378 2715 1444 2757 6.
1463 2710 1563 2748 ἔπι-

148 2753 286 2790 Similis
328 2767 414 2792 usus
455 2757 558 2791 verbi
597 2755 820 2801 συντέμνειν
894 2759 1067 2809 λιπεῖν]
1106 2761 1152 2793 ut
1183 2769 1411 2802 nunquam
1445 2757 1564 2792 desit

147 2798 335 2835 invenitur
381 2802 479 2847 apud
528 2802 820 2854 Aristophanem
891 2803 979 2837 tibi
1011 2804 1180 2847 oratio,
1212 2804 1245 2839 h
1272 2815 1303 2838 e.
1337 2803 1562 2837 orationis

148 2843 373 2890 Thesmoph.
400 2859 433 2882 v
462 2848 701 2891 177200132012
726 2844 820 2890 πρὸς
893 2851 1229 2892 argumentum,
1261 2851 1307 2883 ut
1340 2847 1424 2882 tibi
1451 2857 1561 2882 sem-
