1939 3214
164 336 166 341 ’
232 329 263 364 Ε
282 326 525 378 σοφιστῶν.

285 156 338 197 72
871 153 1061 189 PLATON
1065 153 1107 188 IS

280 255 336 298 οὐ
359 257 560 298 πείσεται
582 254 694 310 ἅπερ
727 251 784 297 ἄν
817 257 989 297 ἔπαθεν
1020 254 1141 312 ἄλλῳ
1172 270 1233 312 τῳ
1264 255 1595 310 συγγενόμενος
1617 273 1709 299 των

588 338 629 364 οι
660 324 743 377 μὲν
773 321 858 376 γὰρ
891 320 1020 364 ἄλλοι
1053 299 1288 402 λωβῶνται
1318 322 1424 372 τούς
1448 323 1598 373 νέους·
1630 339 1708 372 τας

277 407 362 445 γαρ
393 391 549 445 τέχνας
572 388 739 439 αὐτούς
759 389 1044 444 πεφευγότας
1065 388 1259 439 ἄκοντας
1281 390 1420 431 πάλιν
1442 382 1500 431 αὗ
1524 389 1708 444 άγοντες

280 459 586 513 ἐμβάλλουσιν
627 458 689 506 εἰς
719 457 901 511 τέχνας,
949 457 1191 511 λογισμούς
1221 472 1268 498 τε
1299 458 1372 498 καὶ
1404 455 1708 512 ἀστρονομίαν

279 526 354 567 καὶ
390 526 668 579 γεωμετρίαν
709 523 784 566 καὶ
823 521 1049 578 μουσικὴν
1091 524 1381 574 διδάσκοντες
1420 550 1471 555 -
1505 525 1581 565 καὶ
1619 523 1708 579 ἅμα

282 593 344 641 εἰς
381 590 460 633 τὸν
494 589 668 632 Ἱππίαν
707 589 931 644 ἀπέβλεψε
964 614 1015 621 -
1061 590 1181 645 παρὰ
1221 590 1262 632 δ’
1309 592 1385 645 ἐμὲ
1437 591 1711 646 ἀφικόμενος

279 659 532 714 μαθήσεται
571 656 628 699 οὐ
668 657 771 713 περὶ
809 656 950 699 ἄλλον
991 672 1071 699 του
1109 654 1138 712 ἢ
1179 659 1280 712 περὶ
1321 652 1375 699 οὗ
1404 657 1515 713 ἥκει.

1578 656 1628 700 τὸ
1663 658 1711 699 δὲ

280 725 469 780 μάθημά
508 725 631 767 ἐστιν
671 723 886 779 εὐβουλία
925 727 1031 779 περί
1065 740 1113 767 τε
1152 728 1241 767 τῶν
1275 727 1467 780 οἰκείων,
1503 724 1621 775 ὅπως
1652 721 1710 766 ἂν

281 792 440 848 ἄριστα
461 792 545 847 τὴν
566 790 709 834 αὑτοῦ
731 793 880 834 οἰκίαν
902 793 1079 845 διοικοῖ,
1103 792 1177 834 καὶ
1199 794 1301 847 περὶ
1321 796 1413 835 τῶν
1434 796 1512 847 τῆς
1527 790 1712 846 πόλεως,

284 859 405 910 ὅπως
442 859 494 901 τὰ
535 862 612 914 τῆς
651 858 823 909 πόλεως
862 859 1173 908 δυνατώτατος
1204 857 1260 902 ἂν
1293 864 1359 914 εἴη
1391 861 1465 902 καὶ
1497 859 1711 915 πράττειν
1728 868 1762 894 10

191 933 258 967 319
283 927 358 970 καὶ
379 928 540 981 λέγειν.
587 926 698 980 Ἆρ’,
731 928 846 981 ἔφην
869 928 972 981 ε’γω’,
1005 928 1172 982 ἕπομαί
1188 938 1271 969 σου
1302 931 1364 982 τῷ
1395 927 1533 984 λόγως
1568 928 1716 976 δοκεῖς

284 995 369 1049 γάρ
408 1009 484 1048 μοι
522 994 671 1047 λέγειν
708 992 791 1048 τὴν
830 993 1067 1049 πολιτικὴν
1097 996 1257 1049 τέχνην
1288 994 1362 1036 καὶ
1393 994 1716 1048 ὑπισχνεῖσθαι

284 1068 432 1104 ποιεῖν
471 1060 640 1115 ἄνδρας
678 1059 881 1114 ἀγαθούς
921 1064 1118 1111 πολίτας.

1178 1059 1303 1103 Αὐτὸ
1341 1061 1424 1116 μὲν
1465 1055 1551 1103 οὖν
1582 1060 1717 1103 τοῦτό

288 1129 423 1182 ἐστιν,
456 1129 556 1183 ἔφη,
591 1122 629 1169 οῗ
650 1127 905 1183 Σώκρατες,
937 1128 987 1170 τὸ
1011 1128 1281 1183 ἐπάγγελμα)
1316 1125 1342 1170 ὃ
1374 1127 1713 1183 ἐπαγγέλλομαι.

402 1196 504 1251 Cap.
526 1196 579 1241 X,
603 1189 665 1237 ΐΗ
679 1196 834 1250 καλόν,
866 1191 924 1252 ἦν
946 1196 988 1238 δ’
1023 1196 1124 1252 ἐγώ,
1156 1197 1349 1251 τέχνημα
1371 1194 1456 1248 ἄρα
1486 1197 1713 1255 κέκτησαι,
1732 1204 1769 1231 15

291 1268 415 1318 εἴπερ
455 1263 683 1317 κέκτησαι·
723 1262 778 1305 οὐ
817 1264 904 1318 γάρ
943 1279 986 1306 τι
1023 1263 1134 1306 ἄλλο
1174 1263 1286 1318 πρός
1322 1279 1374 1318 γε
1413 1262 1463 1305 σὲ
1495 1264 1719 1319 εἰρήσεται

383 1380 435 1410 16.
453 1377 582 1419 εἴπερ
597 1375 738 1420 κέκτη
751 1388 825 1410 σαι
839 1376 923 1411 ΒΤ;
940 1378 1048 1421 εἴπερ
1063 1375 1219 1421 ε”κτησαι
1235 1376 1390 1418 SchanZ,
1414 1375 1487 1409 vid.
1498 1375 1590 1420 adp.
1601 1375 1720 1414 3401).

337 1463 742 1505 3,(ἷίκονταςπάλιν
765 1464 973 1510 αὐόὶγον-

290 1524 364 1551 τες
390 1508 482 1556 ἔμβ.
510 1511 575 1552 εἰς
602 1512 645 1555 τ.]
676 1510 846 1546 invitos
870 1523 972 1546 rur-

292 1567 363 1590 sus
396 1557 691 1591 retrahentes
728 1556 771 1589 in
803 1557 971 1591 artium

293 1601 425 1644 quasi
450 1613 607 1645 gyrum
639 1601 898 1635 coniiciunt
929 1603 972 1636 et

293 1646 347 1680 ad
373 1656 447 1680 eas
473 1646 744 1681 tractandas
777 1646 967 1690 compel-

290 1691 400 1725 lunt.
460 1691 635 1735 Carpitur
680 1690 858 1735 Hippias,
907 1692 970 1735 qui

294 1736 404 1770 etiam
430 1736 541 1791 Hipp
567 1736 696 1772 Maior.
721 1747 757 1792 p
786 1736 892 1771 2850
919 1737 971 1770 di-

295 1781 392 1815 eitur
424 1778 689 1834 ἀκριβέστατα
737 1778 971 1816 ἐπίστασθαι

296 1822 516 1879 ἀνθρώπων
570 1828 740 1881 διαιρεῖν
793 1830 882 1884 περί
931 1839 971 1861 τε

294 1868 527 1929 γραμμάτων
559 1869 760 1926 δυνάμεως
791 1872 855 1906 καὶ
888 1875 974 1906 συλ-

296 1914 422 1960 λαβῶν
466 1930 532 1951 και
570 1914 763 1961 ἁρμονιῶν
799 1916 865 1951 καὶ
908 1915 972 1961 §v-

296 1962 427 2005 θμῶντ
477 1963 590 2005 atque
630 1962 895 1996 astronomiam
938 1962 975 1996 et

296 2006 543 2050 geometriam
574 2017 712 2050 magno
745 2017 825 2040 cum
852 2006 975 2040 studio

297 2051 423 2085 coluit.
441 2063 473 2085 v.
493 2062 605 2095 supra
627 2063 667 2108 p.
681 2050 798 2086 3150.
824 2071 868 2075 —
892 2050 975 2084 πά-

298 2099 370 2131 λιν
396 2094 450 2130 αὐ
483 2096 623 2129 dictum
650 2094 691 2131 ἐκ
715 2097 889 2140 παραλλη
882 2094 975 2137 ’,λου

295 2143 338 2174 nt
369 2151 428 2185 ap.
451 2141 682 2185 Aristoph‚
715 2140 813 2174 Plut.
840 2152 871 2178 v
898 2144 976 2176 622.

296 2197 329 2223 v.
355 2189 433 2220 860.
452 2185 497 2222 al.
517 2185 637 2219 Simili
663 2185 835 2220 ubertate
853 2185 977 2220 Latini

297 2232 421 2265 retro
470 2230 651 2273 referri,
705 2242 862 2264 rursus
910 2241 976 2264 re-

297 2275 437 2318 verti,
469 2287 624 2309 rursus
650 2286 877 2318 reserare,
904 2275 979 2309 alia

301 2320 487 2370 dixerunt.
518 2320 647 2355 Stazlb.
683 2321 906 2364 Protagoras
933 2320 977 2354 de

299 2366 356 2399 his
380 2365 471 2410 ipsis
496 2366 639 2400 artibus
665 2365 949 2409 disputaverat
939 2376 978 2398 m

299 2410 397 2444 libro
417 2410 503 2453 περὶ
524 2412 680 2460 τεχνῶν,
703 2420 775 2454 quo
801 2410 980 2444 docuerat

302 2465 346 2489 ex
361 2466 489 2506 earum
503 2455 625 2490 studio
635 2454 979 2490 idoneumfruetum

300 2500 443 2545 peioipi
478 2511 552 2534 non
591 2511 712 2544 posse.
748 2511 781 2535 v
816 2498 889 2543 Sop
892 2499 977 2533 hist

300 2556 337 2589 p.
362 2544 491 2580 232D.
522 2546 674 2580 Aristot.
707 2544 918 2587 Metaphys
946 2544 981 2577 ΙΙ

302 2594 322 2624 2
349 2595 440 2624 extr.

355 2639 385 2669 6.
435 2635 499 2675 εἰς
539 2633 618 2670 τὸν
661 2632 850 2669 Ιππίαν
900 2632 981 2667 οἷπ

305 2678 321 2714 ε’
332 2680 447 2723 βλεψ
459 2680 497 2725 ε]
541 2681 685 2714 vultum
726 2680 773 2713 ad
809 2678 983 2723 Hippiam

304 2725 458 2768 avertit,
492 2725 558 2758 int.
586 2736 608 2759 a
638 2724 754 2758 nobis.
789 2723 982 2766 Aristides,

305 2770 370 2812 qui
395 2779 439 2803 ex
462 2770 643 2803 memoria
667 2769 764 2803 hunc
781 2768 905 2803 locum
925 2769 980 2802 at-

303 2814 393 2848 tulit
415 2825 451 2858 p.
469 2817 535 2848 548
535 2814 637 2869 (vol.
656 2814 737 2871 IIp.
754 2817 819 2867 433
823 2813 982 2868 Dind.):

305 2857 325 2894 ὁ
358 2855 615 2905 Πρωταγόρας
648 2858 702 2899 εἰς
731 2857 798 2893 τὸν
823 2855 981 2893 Ιππιάν

1043 1465 1723 1561 Ξὲιέῗοζῖἓὲπῖέςῖζζῖθὲῗὲἔίξᾟεῗᾞῗ

1042 1556 1112 1589 mis
1155 1555 1271 1590 oculis
1307 1555 1484 1600 Hippiam
1525 1555 1727 1599 adspexit’,

1043 1600 1144 1643 quod
1176 1600 1388 1644 Protagora
1418 1611 1551 1643 parum
1583 1601 1639 1634 est
1671 1599 1725 1634 di-

1040 1656 1195 1695 gnum,
1191 1656 1224 1697 y.
1248 1657 1284 1689 p.
1309 1649 1372 1680 361
1399 1646 1440 1679 Ε.

1097 1694 1132 1725 8.
1182 1684 1302 1730 όπω”·ς
1353 1704 1407 1726 αν
1445 1709 1485 1714 —
1520 1690 1722 1740 διοικοῑ]

1043 1745 1133 1777 qua
1163 1736 1345 1769 ratione
1376 1735 1545 1780 optime
1573 1734 1727 1778 possit

1044 1791 1168 1814 suam
1202 1779 1351 1823 ipsius
1378 1780 1550 1815 domum
1578 1779 1725 1813 admi-

1043 1825 1258 1859 nistrare.
1283 1825 1407 1877 Lysid.
1432 1837 1476 1878 p.
1486 1823 1612 1858 207E:
1638 1836 1726 1866 προ-

1045 1870 1284 1920 μηθοῦνται,
1322 1866 1423 1910 ὅπως
1460 1864 1508 1902 ὂῖν
1547 1864 1685 1913 εῧδαιμ
1689 1882 1726 1903 ο-

1044 1916 1163 1972 νοίης.
1201 1882 1728 1971 ΧοΠοΡὴ.Ογ1·οΡ.12,μ6.

1045 1959 1303 2016 ἐπιμέλονται,
1315 1958 1363 1998 ὡς
1377 1954 1425 1994 ἂν
1441 1958 1627 2001 βέλτιστοι
1646 1941 1725 1993 εἷεν

1047 2003 1084 2039 οἵ
1114 2006 1279 2039 πολῖται.
1320 2003 1413 2038 Ibid.
1440 2004 1496 2053 H,
1497 2006 1545 2054 1,
1571 2006 1610 2036 4·
1638 2004 1726 2048 βου-

1047 2048 1268 2106 λευωμεθα,
1328 2061 1430 2088 οπως
1486 2061 1534 2082 αν
1588 2045 1727 2092 ἄριστα

1047 2092 1346 2144 ἀγωνιζοίμεθα.
1387 2093 1559 2128 Ceterum
1586 2091 1631 2127 de
1656 2093 1728 2127 hac

1047 2139 1298 2183 sophistarum
1328 2137 1575 2189 inprimisque
1600 2137 1729 2175 Prota-

1046 2194 1160 2227 gorae
1186 2183 1415 2227 professione
1440 2195 1474 2217 v.
1498 2181 1596 2218 Men.
1622 2193 1657 2226 p
1684 2185 1725 2216 91

1047 2230 1173 2272 Asqq
1200 2228 1312 2273 Hipp.
1339 2228 1426 2272 Maj.
1451 2240 1487 2273 p.
1505 2227 1628 2260 296A.
1654 2226 1728 2260 Eu-

1047 2274 1211 2318 thydem.
1238 2285 1274 2318 p.
1301 2277 1366 2308 273
1393 2273 1437 2307 D.
1465 2272 1512 2307 al.
1537 2270 1665 2308 Stazlb,

1102 2324 1153 2354 13.
1200 2323 1360 2353 ποιεῖν
1400 2314 1575 2360 ἄνδρας
1617 2311 1727 2360 ἀγα-

1048 2360 1167 2404 θοὺς
1191 2364 1402 2405 πολίτας]
1419 2363 1474 2396 De
1498 2361 1631 2395 horum
1648 2371 1729 2395 ver-

1048 2409 1181 2443 borum
1213 2407 1469 2451 ambiguitate
1510 2417 1545 2440 v.
1582 2406 1726 2456 proleg.

1049 2466 1085 2499 p.
1102 2458 1157 2488 24.
1195 2453 1291 2495 Quid
1308 2452 1407 2486 omni
1426 2450 1628 2486 eruditioni
1645 2461 1730 2495 pro-

1049 2499 1215 2543 positum
1246 2508 1324 2532 esse
1356 2496 1511 2540 debeat,
1547 2495 1655 2530 Plato
1681 2496 1732 2533 de

1050 2545 1123 2589 leg.
1149 2555 1184 2588 Ρ
1211 2545 1275 2577 643
1300 2541 1329 2575 E
1360 2541 1416 2575 his
1441 2524 1566 2576 ver⁷bis
1573 2539 1728 2597 signifi-

1053 2592 1128 2623 eat:
1167 2585 1239 2630 τήν
1267 2585 1361 2629 πρὸς
1392 2582 1534 2630 ἀρετὴν
1567 2582 1608 2620 ἐκ
1640 2585 1726 2618 παί

1053 2635 1130 2668 δων
1154 2632 1341 2666 παιδείαν
1372 2641 1561 2665 ποιουσαν
1592 2627 1727 2664 ἐπιθυ-

1053 2673 1177 2723 μητήν
1202 2689 1242 2711 τε
1267 2676 1332 2711 καὶ
1359 2672 1540 2728 ἐραστὴν
1540 2673 1607 2709 τοῦ
1624 2674 1728 2708 πολι-

1053 2737 1122 2779 την
1147 2720 1332 2777 γενέσθαι
1357 2721 1500 2777 τέλεον,
1526 2715 1658 2765 ἄρχειν
1687 2730 1727 2753 τε

1052 2767 1118 2802 καὶ
1145 2764 1335 2818 ἄρχεσθαι
1360 2763 1614 2808 ἐπιστάμενον
1631 2760 1727 2808 μετὰ

1054 2813 1193 2856 δίκης.
1216 2808 1367 2854 ,μόνην
1399 2810 1585 2845 παιδείαν
1618 2819 1729 2853 προσ-

1053 2857 1235 2901 αγορεύω.
