1907 3230
549 156 884 194 PROTAGORAS.
912 156 952 191 P.
981 159 1046 190 359
1072 154 1142 189 ST.

139 280 165 317 η
205 261 281 314 ἐφ’
306 260 446 338 ι’)’ἔπερΡ
473 276 512 302 οι
553 261 716 309 δειλοί;
768 256 863 300 Οὐκ
903 259 1001 311 ἔφη.

550 325 755 380 Πότερον
785 325 832 367 οἱ
856 324 938 379 μὲν
969 322 1107 365 δειλοὶ
1139 321 1211 364 ἐπὶ
1242 319 1294 361 τὰ
1323 318 1555 373 θαρραλέοι
1614 346 1616 349 ψ
1654 345 1658 349 ν
1712 343 1724 347 ·›

139 331 254 383 Ναί,
292 331 319 383 ἡ
353 327 396 370 δ’
429 325 489 376 ὅς.

1474 152 1554 194 183

1067 253 1248 297 Οὐκοῦν
1291 252 1365 307 ἐφ’
1411 252 1554 306 ἕτερα.

139 399 367 451 ἔρχονται,
408 411 451 437 οι
488 395 536 436 δὲ
577 392 776 446 ἀνδρεῖοι
816 390 889 434 ἐπὶ
918 389 971 432 τά
1014 391 1161 439 δεινάς
1202 388 1388 441 Λέγεται
1420 386 1553 440 ὁή,ω

140 465 396 517 Σώκρατες,
438 460 581 509 οὕτως
616 457 703 501 ὑπὸ
739 461 828 500 τῶν
873 456 1148 511 ἀνθρώπων.

483 526 580 570 ἀλλ’
613 526 668 568 οὐ
698 529 830 568 τοῦτο
841 525 1030 606 τἐρωτῶ,
1061 521 1175 565 ἀλλά
1207 521 1264 564 σύ
1297 521 1367 563 ἐπὶ
1396 523 1440 562 τί
1469 518 1556 575 φῂς

99 552 115 576 5
141 527 239 584 ἐγώ,
279 532 441 584 λέγεις·

1204 454 1370 509 Ἀληθῆ
1382 486 1394 508 ,
1440 455 1555 507 ἔφην

139 601 233 647 ἴτας
263 594 377 639 εἶναι
407 594 510 644 τούς
540 592 797 647 ἀνδρείους;
829 587 903 645 ἆρ’
935 592 1007 634 ἐπὶ
1027 590 1080 633 τὰ
1102 590 1242 643 δεινά,
1273 588 1552 669 ἡγουμένους
1576 595 1606 629 D

139 663 263 707 δεινὰ
303 661 440 717 εἶναι,
478 658 508 716 ἢ
547 661 616 703 ἐπὶ
656 659 708 702 τὰ
745 660 823 715 μή;
858 658 988 700 Ἀλλὰ
1018 658 1149 700 τοῦτό
1179 655 1220 711 y'
1210 689 1238 736 ,⁹
1272 659 1373 711 ἔφη,
1409 656 1460 697 ἐν
1491 657 1555 704 οἱς

140 731 196 774 σύ
239 734 386 784 ὲλεγες
433 736 523 778 τοῖς
576 729 723 782 λόγοις
767 726 1009 780 ἀπεδείχθη
1055 725 1156 780 ἄρτι
1208 723 1273 766 ὅτι
1316 722 1554 766 ἀδύνατον.

139 800 225 840 Καὶ
262 801 416 852 τοῦτο,
457 798 570 850 ἔφην
611 794 721 849 ἐγώ,
770 793 936 849 ἀληθὲς
974 794 1130 846 λέγεις.

1191 789 1298 833 ὥστ’
1343 792 1381 832 εἰ
1422 792 1554 831 τοῦτο

93 888 125 912 10
143 865 290 918 ὀρθῶς
320 864 587 917 ἀπεδείχθη,
631 861 704 904 ἐπὶ
733 862 815 917 μὲν
845 860 874 902 ὁὶ
904 859 1029 902 δεινά
1062 859 1231 914 ἡγεῖται
1263 855 1377 900 εἶναι
1407 855 1556 905 οὐδεὶς

138 934 334 986 ἔρχεται,
377 929 527 984 ἐπειδὴ
567 929 614 972 τό
655 928 771 983 ἥττω
809 925 923 970 εἶναι
962 927 1124 970 ἑαυτοῦ
1172 923 1336 980 εὑρέθη
1384 923 1555 979 ἀμαθία

138 995 268 1041 οὖσα.
312 997 562 1053 ‘ssfflosto'yea

620 994 748 1038 Ἀλλὰ
778 994 867 1050 μὴν
899 995 971 1037 ἐπι
1001 993 1030 1035 ἅ
1060 1009 1110 1048 γε
1140 997 1364 1047 θαρροῦσι
1394 992 1556 1041 πάντες

138 1059 196 1108 αὖ
228 1068 458 1120 ἐρχονται,
491 1066 564 1106 καὶ
596 1063 735 1106 δειλοὶ
767 1079 841 1105 και
871 1060 1094 1117 ἀνδρεῖοι,
1127 1061 1202 1103 καὶ
1232 1059 1369 1115 ταύτῃ
1400 1075 1450 1113 γε
1482 1058 1555 1101 ἐπὶ

137 1131 188 1174 τὰ
229 1131 343 1174 αὐτοὶ
383 1134 586 1186 ἔρχονται
625 1131 672 1173 οἱ
706 1132 846 1172 δειλοί
883 1146 930 1172 τε
968 1131 1042 1171 καὶ
1080 1129 1128 1171 οἱ
1154 1127 1367 1182 ἀνδρεῖοι.

1423 1125 1555 1168 Ἀλλὰ

109 1222 119 1234 -
139 1201 303 1254 μέντοι,
336 1201 437 1255 ἔφη,
469 1194 506 1241 ὦ
537 1197 786 1253 Σώκρατες,
820 1200 910 1239 πᾶν
940 1212 990 1251 γε
1020 1195 1288 1238 τούναντίον
1320 1194 1442 1236 ἐστὶν
1475 1192 1547 1236 ἐπὶ
1572 1201 1600 1236 Ε

136 1347 340 1400 posuerunt
372 1359 420 1387 τι,
453 1344 552 1397 quod
584 1346 764 1387 sequente
796 1343 931 1388 plurali
961 1344 1132 1378 iteratur
1146 1341 1184 1375 in
1215 1340 1394 1399 proximis
1427 1337 1490 1375 ἐπὶ
1516 1341 1554 1374 τί

137 1390 212 1436 φῂς
240 1391 321 1429 ἴτας
348 1388 448 1424 εἶναι
474 1386 548 1424 urg.
576 1401 606 1425 v.
633 1390 680 1423 ad
705 1400 740 1433 p.
766 1393 830 1424 357
848 1389 877 1423 Ε
903 1391 941 1423 et
964 1387 1153 1423 Phaedon

137 1428 234 1478 quod
265 1434 449 1468 Heindorf
476 1434 521 1467 de
555 1434 766 1468 coniectura
797 1434 970 1476 dederat,
1005 1427 1100 1475 132⁷}
1127 1431 1168 1465 Τ

136 1490 264 1524 apogr.
288 1479 442 1513 Parisin.
464 1483 567 1514 1811.
595 1476 705 1513 δειλοὶ
730 1478 806 1519 B'l,

1178 1397 1213 1430 p.
1231 1385 1317 1421 58C
1344 1386 1391 1423 al
1463 1391 1490 1419 1.
1516 1386 1551 1428 ἠ,

1240 1436 1270 1467 3,
1298 1427 1432 1465 δεινά
1458 1440 1551 1466 corr.

834 1489 930 1521 quae
955 1477 1182 1532 permutatio
1210 1476 1321 1510 etiam
1347 1486 1380 1519 p.
1403 1479 1465 1509 160
1490 1485 1552 1509 oo·

134 1525 259 1559 currit.
310 1529 358 1558 11.
384 1522 618 1568 εὑρέθηΤε
653 1520 795 1569 εὑρέθη
822 1523 843 1569 ἡ
870 1523 911 1558 Β.
962 1527 1012 1557 14.
1044 1535 1082 1556 οι
1115 1519 1331 1565 ἀνδρεῖοι
1357 1519 1405 1554 B:
1433 1514 1552 1554 ἀνάν·

135 1570 258 1613 ὃρείοι
283 1569 322 1602 Ἰ.

180 1696 210 1725 2.
232 1689 668 1735 Πότερον-δεινοὶ]
696 1688 807 1725 πότε-

134 1749 200 1786 ρον
227 1748 341 1780 quum
368 1736 518 1770 dicebat
542 1735 724 1777 Socrates,
750 1746 807 1769 co-

135 1781 267 1825 gitatio
309 1792 387 1815 eius
426 1781 500 1815 iam
543 1763 808 1815 advertebatur

134 1826 182 1878 ad
213 1826 325 1878 paulo
356 1825 509 1860 inferius
533 1825 639 1859 illata
664 1820 719 1869 (ἢ)
745 1822 807 1859 ἐπὶ

133 1869 180 1905 τὰ
214 1868 310 1906 αὐτὰ
344 1870 518 1915 ἔρχονται
551 1869 588 1904 οἵ
619 1872 744 1905 δειλοί
767 1882 807 1904 τε

133 1917 198 1950 καὶ
227 1914 265 1950 οἷ
295 1913 478 1958 ἀνδρεῖοι
529 1915 667 1950 Similis
712 1915 807 1949 ratio

132 1961 280 1995 obtinet
304 1960 349 1995 de
374 1961 445 2013 leg.
473 1959 488 1993 I
513 1971 549 2004 p.
576 1964 640 1994 626
667 1960 710 1995 C:
736 1959 806 1994 πό-

131 2002 212 2047 τερ’
244 2003 312 2040 οὑν
345 2003 393 2049 δὴ
431 2004 564 2040 πόλεσι
591 2018 677 2062 μεν
713 2002 806 2047 πρὸς

130 2050 262 2090 πόλεις
293 2045 416 2102 ὀρθὸν
446 2046 554 2085 τοῦτ’
584 2047 672 2092 ἐστί,
698 2048 803 2101 κώμῃ

131 2094 175 2130 δὲ
209 2092 302 2148 πρὸς
336 2093 466 2147 ’503qu
492 2093 639 2148 ξ’τερονς
675 2090 801 2130 Ουὸα·

132 2141 219 2183 μώς.
257 2135 364 2174 Ἀλλὰ
391 2135 549 2181 ταῦτόν;

179 2199 251 2236 ἐπὶ
283 2198 335 2235 τὰ
367 2201 615 2243 θαρραλέοι
647 2200 805 2245 ἐρχον

131 2247 226 2290 ται]
252 2246 344 2280 haec
370 2246 605 2299 explicantur
630 2246 806 2302 proximis

132 2291 255 2326 verbis
287 2289 349 2326 ἐπὶ
382 2289 409 2325 α’
440 2304 481 2335 γε
508 2293 721 2343 θαρρουσιν
748 2290 806 2334 ἔρ-

133 2349 278 2390 χονται,
304 2337 342 2370 et
358 2336 585 2389 significant
585 2333 630 2369 τοὶ
655 2337 805 2378 θαρρα-

135 2380 254 2415 λέα11
274 2381 296 2415 l.
315 2381 447 2415 eadem
475 2392 517 2415 ac
541 2380 588 2415 τοὶ
614 2379 665 2424 μὴ
694 2379 806 2415 dumi

131 2438 158 2460 s.
184 2424 230 2460 τὰ
255 2423 305 2471 μὴ
331 2426 549 2471 παρέχοντα
575 2425 672 2466 δέος.

178 2491 208 2522 7.
247 2484 294 2522 ἐν
333 2487 401 2528 οἷς
433 2485 483 2523 σύ
519 2486 676 2532 ἔλεγες
710 2491 807 2527 τοῖς

133 2531 305 2585 λόγοις]
337 2532 382 2567 H.
417 2544 446 2567 e.
482 2529 522 2567 ἐν
552 2537 630 2572 τοῖς
661 2531 805 2585 λόγοις,

133 2591 199 2618 ους
216 2575 261 2612 σύ
281 2577 415 2622 ἐ λεγες
433 2577 561 2612 Verba
578 2573 675 2611 ἀλλὰ
693 2575 805 2612 τοῦτό

132 2621 168 2666 γ’
205 2624 417 2658 referuntur
453 2622 499 2657 ad
531 2623 691 2678 priorem
722 2632 804 2674 par—

131 2675 208 2702 tem
234 2667 555 2723 interrogationis:
590 2661 636 2710 ἆρ
663 2666 723 2702 ἐπὶ
757 2664 802 2701 τοὶ

133 2714 174 2747 δε
162 2712 255 2754 τινα,
287 2711 526 2758 ἡγουμένους
552 2710 662 2747 δεινὰ
692 2710 805 2747 εἶναι.

130 2757 259 2792 Stallb.

179 2817 232 2847 11.
259 2810 433 2858 εὑρέθη
461 2811 650 2856 α’μαθία
676 2807 804 2863 οὖσα]

132 2857 333 2901 Frequenti
363 2869 431 2894 nec
462 2862 589 2894 tamen
621 2859 804 2894 constanti

877 1691 1055 1726 sermonis
1087 1701 1155 1724 usu
1180 1688 1417 1734 participium
1442 1699 1548 1733 prae-

878 1737 1001 1770 dicato
1027 1734 1356 1769 accommodatum.
1383 1745 1414 1770 v
1442 1733 1488 1767 ad
1513 1745 1549 1778 p.

879 1780 994 1817 3540.
1020 1779 1175 1814 Aetius
1193 1781 1314 1813 totum
1331 1776 1545 1813 110οεἐπει-

879 1823 927 1869 δὴ
954 1824 995 1859 τὸ
1022 1819 1102 1869 ἤττ.
1129 1845 1170 1848 -
1196 1836 1291 1858 ονσα
1327 1833 1394 1868 pro
1428 1823 1549 1858 alieno

878 1881 995 1914 eoque
1026 1870 1155 1914 inepto
1191 1868 1448 1903 additamento
1484 1868 1547 1903 ha-

878 1915 960 1958 bet,
994 1915 1058 1949 sed
1083 1925 1193 1957 quum
1218 1913 1277 1948 hic
1303 1924 1397 1956 quae
1423 1913 1549 1947 dicun-

876 1963 936 1994 tur
952 1943 1086 2001 δεινοί,
1111 1958 1241 1993 eadem
1266 1959 1339 1992 sint
1363 1957 1475 2001 κακά,
1502 1958 1550 1993 ad

877 2016 922 2040 ea
947 2015 1020 2039 non
1054 2003 1198 2039 accedit
1220 2004 1291 2038 nisi
1316 2003 1379 2046 qui
1403 1986 1548 2038 latione

876 2052 915 2085 et
940 2049 1125 2100 sapientia
1150 2048 1351 2083 destitutus
1377 2051 1443 2083 est.
1476 2048 1547 2083 Ita-

876 2106 948 2138 que
974 2106 1004 2130 s1
1028 2106 1092 2139 qui
1117 2096 1217 2147 sunt,
1244 2095 1308 2136 qui
1333 2093 1549 2149 cupiditati-

875 2140 945 2174 bus
985 2139 1130 2174 incitati
1172 2133 1342 2182 (ηττονες
1384 2136 1546 2180 ἑαυτῶν)

877 2185 924 2218 ad
950 2182 996 2219 τὰ
1024 2182 1136 2219 δεινοὶ
1159 2184 1346 2225 ferantur,
1373 2195 1435 2219 eos
1459 2183 1548 2218 illuc

875 2228 1030 2273 ἀμαθία
1045 2228 1229 2273 quaedam
1243 2210 1424 2272 perducit,
1434 2240 1547 2273 quum

876 2276 1056 2317 quantum
1089 2273 1178 2307 mali
1216 2273 1436 2318 suscipiant
1474 2284 1547 2308 nou

876 2321 1066 2375 exputent.
1090 2331 1123 2352 v.
1149 2329 1232 2352 ann.
1224 2319 1387 2408 fiad?
1391 2318 1520 2407 3451)γ

924 2369 975 2399 12.
1017 2361 1141 2398 Ἀλλὰ
1190 2378 1246 2408 μη
1344 2378 1391 2398 πι

875 2411 905 2443 θ
915 2423 938 2443 α
949 2423 968 2453 ρ
979 2423 998 2453 ρ
1008 2422 1027 2444 ο
1036 2410 1059 2442 ὖ
1070 2421 1089 2443 σ
1098 2408 1127 2459 ι]
1147 2408 1322 2454 Repetito
1346 2409 1546 2454 superioris

876 2454 1140 2498 disputationis
1179 2457 1419 2498 argumento,
1457 2454 1545 2497 quid

874 2509 986 2542 porro
1016 2499 1102 2533 inde
1134 2501 1399 2542 consequatur,
1433 2498 1546 2543 expli-

875 2555 958 2579 care
987 2544 1123 2589 pergit
1174 2543 1220 2577 Et
1244 2544 1363 2588 primo
1395 2543 1545 2587 quidem

874 2600 919 2623 ex
960 2600 1024 2632 eo,
1071 2588 1172 2631 quod
1212 2599 1424 2623 concessum
1466 2592 1547 2624 erat

874 2644 988 2675 quum
1021 2635 1137 2668 fortes
1168 2635 1249 2667 tum
1288 2634 1442 2678 ignavos
1479 2645 1542 2668 au-

877 2678 1005 2714 dacter
1027 2679 1075 2713 ad
1100 2689 1145 2713 ea
1169 2678 1356 2718 accedere
1382 2679 1429 2712 ad
1447 2689 1541 2722 quae

875 2724 1070 2761 accedant
1103 2725 1235 2769 argute
1266 2723 1451 2758 concludit
1475 2723 1543 2758 hac

874 2769 1016 2804 ratione
1042 2768 1148 2811 effici,
1173 2771 1215 2802 ut
1238 2769 1385 2812 utrique
1411 2769 1458 2802 ad
1483 2780 1543 2803 ea-

875 2813 958 2847 dem
983 2825 1132 2858 prorsus
1157 2813 1330 2849 accedere
1356 2812 1546 2848 iudicandi

874 2859 956 2896 sint.
981 2859 1109 2894 Stallb.
