1907 3230
80 456 86 464 ι
105 455 112 463 ι
198 433 351 485 φιλίας
389 431 655 483 συναγωγοί.

611 193 950 230 PROTAGORAS.
977 193 1016 231 P.
1042 198 1106 229 322
1132 193 1202 232 ST.
1559 195 1613 237 83

198 300 318 340 λοιτο
357 300 462 350 πᾶν,
494 293 658 351 Ερμῆν
696 295 856 349 πέμπει
894 293 1061 348 ἄγοντα
1101 294 1163 343 εἰς
1201 292 1472 346 ἀνθρώπους
1503 295 1615 336 αἰδῶ

198 379 244 406 τε
289 362 363 405 καὶ
405 364 551 418 δίκην,
597 362 655 404 ι”ν
704 358 794 403 εἷεν
838 361 1015 403 πόλεων
1059 361 1218 416 κόσμοι
1262 376 1308 402 τε
1347 359 1422 402 καὶ
1461 361 1615 414 δεσμοὶ

718 429 862 509 ἐρωτᾷ
906 422 991 470 οὖν
1034 425 1192 482 Ἑρμῆς
1230 430 1341 480 Δία,
1385 430 1485 469 τίνα
1531 428 1615 470 οὐν

197 497 366 553 τρόπον
395 498 494 552 δοίη
524 497 656 550 δίκην
687 495 760 537 καὶ
791 496 902 537 αἰδῶ
933 494 1210 549 ἀνθρώποις·

1259 495 1450 549 πότερον
1481 493 1540 544 ὠς
1571 496 1620 536 αἱ

160 575 170 581 ”
198 565 348 619 τέχναι
386 565 670 618 νενέμηνται,
710 561 827 604 οὕτω
860 563 934 604 καὶ
964 562 1127 612 ταύτας
1158 564 1316 616 νείμω;
1349 563 1615 617 νενέμηνται

199 632 248 675 δὲ
279 625 384 674 ὦδε·
421 625 481 680 εἷς
511 632 625 684 ἔχων
655 628 860 685 ἰατρικὴν
891 632 1072 679 πολλοῖς
1104 629 1257 679 ἱκανὸς
1288 629 1505 684 ἰδιώταις,
1538 630 1613 671 καὶ

198 699 245 742 οἱ
281 697 408 740 ἄλλοι
446 698 723 753 δημιουργοί,

785 698 859 739 καὶ
895 698 1026 751 δίκην
1066 694 1118 751 δή
1151 697 1225 738 καὶ
1256 697 1365 738 αἰδῶ
1397 696 1513 739 οὕτω
1544 699 1615 739 θῶ

312 837 342 870 3.
368 833 473 874 Δία,
500 830 625 876 τίνα]
655 828 720 865 διὰ
748 831 835 865 τίνα
860 831 902 874 Β,
931 833 997 866 δια
1022 833 1108 866 τίνα
1127 831 1170 873 Τ,
1198 831 1264 866 sed
1287 831 1324 865 in
1350 833 1509 874 utroque
1536 841 1615 865 cor-

198 879 353 920 rectum,
381 879 418 911 et
441 877 517 911 iam
542 876 788 911 emendarunt
805 875 988 911 Heusdius
1005 877 1043 911 et
1059 876 1305 914 Heindorfius‚
1353 881 1382 911 4.
1411 878 1517 921 δοίη
1534 876 1617 919 ΒΤ,

200 922 253 958 δῶ
279 922 438 957 coniecit
463 921 594 958 Cobet.

246 1049 276 1080 1.
310 1040 688 1095 ἄγοντα-αἰδῶ
719 1055 765 1078 τε
797 1044 875 1078 καὶ

200 1091 356 1134 δίκην]
395 1088 520 1124 Civilis
556 1089 656 1123 vitae
694 1088 876 1132 originem

199 1134 340 1179 repetit
364 1145 386 1168 a
410 1134 634 1168 verecundia
659 1138 696 1167 et
720 1133 875 1175 iustitia,

200 1190 274 1223 qua
308 1179 479 1213 civitates
512 1178 707 1212 ordinatae
733 1179 771 1212 et
794 1179 876 1212 tan-

201 1235 315 1268 quam
342 1223 529 1258 communi
547 1223 709 1266 quodam
728 1223 874 1257 vinculo

200 1269 398 1312 colligatae
423 1268 507 1303 sint.
548 1267 644 1302 Nam
668 1268 738 1302 hoc
764 1267 876 1311 signi-

199 1313 312 1347 ficant
336 1313 450 1347 verba
481 1313 546 1346 καὶ
582 1312 717 1355 δεσμοὶ
744 1313 878 1355 φιλίας

200 1370 246 1436 ῗῖ
244 1372 270 1437 ἔ
273 1370 353 1437 2²13?
349 1370 443 1436 3:2²3„
469 1357 732 1436 εἳῗῑὲξῖὲῗ..
740 1356 878 1443 ἐζᾶὒζᾶῗ

201 1446 300 1482 αἰδῶ
335 1448 397 1481 καὶ
426 1444 584 1490 νέμεσιν
609 1446 755 1491 saepius
781 1455 877 1480 com-

200 1492 421 1527 memorant.
470 1491 551 1535 Ody
554 1502 598 1526 ss.
632 1495 672 1531 2,
698 1494 741 1524 64
772 1490 878 1525 Tele-

201 1536 355 1594 machus
374 1536 422 1571 ad
428 1546 587 1589 procos:
614 1532 878 1590 νεμεσσήθητε

202 1582 267 1616 καὶ
294 1579 405 1616 αυτοὶ
421 1577 573 1621 ’Ἄλλους
599 1595 617 1615 τ
663 1579 876 1638 αἰδέσθητε

201 1627 448 1680 περικτίονας
475 1624 726 1669 ἅνθρωπους,
752 1624 788 1659 οὶ
812 1637 876 1660 πε-

202 1669 484 1714 ριναιετοὶουσιε
522 1671 569 1704 ad
607 1681 718 1712 quem
754 1670 876 1704 locum

202 1716 473 1751 Eustathius
504 1726 539 1759 p.
568 1719 669 1756 1434,
695 1719 737 1749 29
769 1725 877 1758 prae-

204 1765 263 1795 ter
288 1761 361 1795 alia
391 1761 437 1794 de
470 1770 513 1794 eo
539 1760 761 1812 argumento
786 1759 878 1793 haec

205 1805 391 1849 disputat:
434 1803 560 1839 ἰστέον
581 1787 664 1847 ζδὲ,
712 1800 773 1837 ὅτι
812 1804 878 1837 καὶ

199 1849 380 1890 Ησίοδος
398 1862 513 1902 αμφω
527 1848 673 1901 ταῦτα,
699 1848 797 1883 αἰδῶ
814 1849 879 1882 καὶ

204 1894 379 1953 νέμεσιν,
412 1892 478 1929 τὸν
514 1890 762 1947 ἀνθρώπινον
793 1893 878 1948 βίον

204 1938 287 1975 οἶδε
331 1941 531 1980 συνιστᾶν,
574 1931 626 1972 ὧν
664 1938 878 1992 οἰχομενων

205 1987 404 2027 λείψεται,
432 1985 544 2028 φησί,
578 1996 676 2017 κατα
705 1985 788 2027 βίον
815 1979 880 2016 ἄλ-

204 2042 272 2074 γεα
310 2029 442 2073 λυγρά.
496 2028 680 2064 Hesiod
707 2038 807 2071 oper¹
843 2027 882 2061 et

204 2075 253 2111 di
280 2086 312 2108 v.
331 2078 412 2109 197:
446 2070 658 2108 ἀθανάτων
685 2085 780 2125 μετα
806 2073 880 2115 φῦ·

206 2123 271 2154 λον
291 2121 375 2171 ἰτην
393 2114 615 2173 προλιπόντ’
644 2106 877 2169 ἀνθρώπους

205 2162 330 2204 Αἰδώς
354 2163 420 2197 καὶ
446 2161 630 2215 Νέμεσις·
656 2176 702 2197 τα
730 2162 773 2198 ὸε
802 2163 878 2196 λεί-

205 2219 322 2262 ψεται
349 2206 469 2252 αλγεα
495 2204 613 2260 λυγρὰ
630 2209 794 2263 θνητοῖς
813 2220 878 2241 αν-

204 2250 407 2306 θρώποισι,
427 2265 548 2287 κακον
576 2248 612 2286 δ’
642 2265 710 2286 ουκ
730 2251 879 2287 ἔσσεται

206 2295 316 2350 ἀλκή.
366 2297 470 2332 Conf.
506 2296 739 2331 Aristides
777 2296 876 2331 Orat.

204 2356 242 2423 1ὲ1
273 2344 351 2423 {am
382 2342 424 2379 T.
456 2342 483 2376 Ι.
513 2352 549 2386 p
576 2345 596 2376 8
630 2341 688 2378 ed.
713 2340 881 2378 Dindorf.

229 2390 271 2424 ta

254 2450 286 2480 3.
328 2446 436 2479 τίνα
473 2435 553 2477 οὖν
591 2439 715 2493 ‘co-6715.
756 2441 880 2491 δοίη]

209 2489 278 2525 οὐν
308 2489 346 2523 in
378 2488 532 2530 obliqua
561 2487 746 2529 oratione,
781 2489 822 2520 ut
845 2497 883 2520 m

207 2536 310 2570 recta
323 2533 429 2576 solet,
451 2533 697 2586 positumest
713 2532 756 2565 cf
767 2542 884 2584 symp.

207 2592 242 2623 p
269 2583 334 2614 219
360 2578 408 2612 D:
442 2576 536 2612 ω’στε
562 2574 652 2612 οὐθ’
684 2573 782 2616 ὅπως
812 2589 883 2627 ουν

208 2624 449 2680 ὀργιζοίμην
478 2621 582 2667 εἶχον
606 2649 613 2656 .
638 2649 646 2656 .
672 2618 764 2657 οὔθ’
808 2616 882 2665 ὅπῃ

209 2669 543 2726 προσαγαγοίμην;
561 2667 703 2702 Menex.
715 2666 879 2718 Ρ2401);

210 2712 251 2750 ἔν
281 2714 408 2770 τούτῳ
433 2710 499 2768 δὴ
516 2709 566 2747 ἄν
592 2726 646 2751 τις
680 2709 882 2764 γενόμενος

210 2761 341 2804 γνοίη,
371 2757 445 2793 οἷοι
472 2771 558 2813 αρα
584 2754 793 2814 ἐτύγχανον
820 2753 882 2790 ὄν-

212 2816 272 2843 τες
298 2801 374 2855 τὴν
410 2801 550 2855 ἀρετὴν
589 2800 626 2836 οἷ
657 2803 883 2845 Μαραθῶνι

212 2845 417 2891 δεξάμενοι
454 2845 523 2891 τὴν
568 2848 641 2882 τῶν
683 2816 884 2891 βαρβάρων

213 2892 390 2936 δύναμιν.

992 1049 1025 1082 5.
1045 1042 1330 1099 νενέμηνται
1356 1042 1405 1079 δε
1424 1039 1527 1090 ὦδε]
1547 1044 1613 1079 int.

947 1090 995 1125 ἐν
1027 1095 1105 1130 τοις
1131 1086 1372 1134 ἀνθρώποις,
1398 1090 1495 1124 artes
1519 1090 1618 1124 inter

946 1136 1114 1170 homines
1148 1135 1288 1169 divisae
1314 1135 1398 1168 sunt
1422 1145 1448 1168 s.
1476 1133 1617 1168 divisae

945 1180 1196 1215 inveniuntur.
1235 1179 1447 1213 Attributae
1465 1180 1572 1213 erant
1596 1189 1619 1212 a

945 1225 1167 1259 Prometheo
1204 1223 1415 1259 hominibus
1446 1223 1618 1257 omnibus

946 1269 1110 1304 omnium
1147 1269 1284 1303 artium
1319 1268 1534 1307 facultates,
1576 1268 1619 1302 ut

947 1314 1019 1349 sibi
1045 1314 1202 1357 quisque
1228 1313 1353 1347 omnia
1378 1323 1473 1355 quae
1492 1312 1541 1346 ad
1566 1313 1616 1346 vi-

946 1360 1007 1393 tae
1048 1370 1154 1393 usum
1200 1358 1448 1403 pertinerent,
1496 1358 1621 1401 posset

948 1413 1176 1448 comparare.
1224 1402 1271 1436 Et
1307 1402 1486 1445 quamdiu
1522 1402 1618 1436 fera-

946 1460 1029 1482 rum
1069 1448 1180 1482 modo
1220 1448 1337 1491 sparsi
1383 1446 1619 1489 habitabant,

948 1503 1170 1544 quacunque
1195 1494 1275 1527 arte
1301 1502 1394 1535 opus
1419 1493 1510 1534 erat,
1537 1502 1620 1526 eam

947 1538 1020 1583 ipsi
1055 1538 1336 1572 factitaverunt.
1396 1536 1470 1570 Sed
1506 1546 1621 1578 quum

949 1583 1089 1627 agresti
1124 1582 1204 1617 vita
1238 1581 1368 1616 relicta
1400 1581 1448 1614 ad
1479 1581 1621 1615 cultum

946 1628 1149 1662 humanum
1163 1626 1397 1677 progressuri
1410 1626 1520 1660 urbes
1538 1635 1621 1659 con-

947 1673 1144 1712 didissent,
1177 1673 1257 1706 tum
1287 1683 1324 1705 m
1355 1683 1468 1705 unum
1499 1671 1622 1704 locum

947 1717 1167 1761 congregati
1203 1716 1267 1751 alii
1304 1715 1416 1750 aliam
1454 1715 1623 1749 excolue-

947 1765 1034 1797 runt
1058 1766 1191 1804 artem,
1219 1771 1291 1803 quo
1318 1761 1458 1794 factum
1484 1760 1556 1802 est,
1581 1760 1623 1793 ut

946 1806 977 1840 is
995 1806 1048 1841 rei
1065 1807 1195 1847 status,
1223 1806 1267 1840 de
1286 1815 1358 1848 quo
1376 1805 1476 1849 apud
1494 1804 1622 1839 Iovem

949 1851 1154 1886 Mercurius
1178 1850 1323 1884 locutus
1349 1860 1428 1884 esse
1454 1848 1620 1892 fingitur,

949 1897 1047 1931 inter
1071 1896 1239 1930 homines
1263 1895 1336 1929 iam
1361 1896 1441 1928 tum
1467 1894 1621 1928 valeret.

949 1941 1040 1976 Eam
1067 1942 1113 1975 ob
1139 1950 1290 1975 causam
1314 1939 1465 1984 Iupiter,
1502 1949 1548 1972 ne
1574 1938 1622 1971 si-

949 1986 1037 2020 mile
1073 1985 1164 2029 quid
1198 1985 1237 2018 in
1272 1984 1413 2018 iustitia
1450 1985 1488 2018 et
1518 1994 1622 2017 vere·

951 2030 1085 2066 cundia
1131 2029 1295 2072 accidat,
1342 2029 1431 2062 iusti
1475 2039 1623 2063 sensum

950 2087 1024 2110 non
1043 2075 1161 2109 solum
1179 2057 1334 2109 attribui
1353 2074 1531 2115 omnibus,
1558 2072 1623 2106 sed

947 2121 1058 2156 etiam
1092 2119 1211 2164 accipi
1242 2121 1280 2154 et
1310 2118 1442 2153 haberi
1473 2118 1521 2152 ab
1548 2127 1625 2151 om-

947 2166 1057 2200 nibus
1081 2165 1187 2199 iubet
1220 2164 1300 2207 (καὶ
1342 2160 1484 2203 πάντες
1521 2175 1623 2206 μετ-

950 2208 1182 2260 εχὸντων)
1210 2209 1346 2244 Contra
1364 2219 1477 2251 quam
1501 2207 1624 2251 legem

949 2268 979 2290 si
1015 2266 1096 2298 quis
1132 2254 1264 2296 faeiat,
1303 2265 1386 2287 eum
1424 2253 1506 2287 tolli
1544 2251 1626 2286 vult

949 2303 1130 2343 tanquam
1154 2300 1298 2343 pestem
1323 2298 1495 2332 civitatis
1537 2296 1625 2330 Pro-

950 2347 1102 2388 tagoras
1124 2344 1239 2388 igitur
1258 2345 1386 2378 censet
1410 2353 1536 2377 omnes
1560 2342 1624 2376 ho-

953 2391 1070 2424 mines
1100 2388 1154 2423 ita
1184 2389 1419 2433 comparatos
1450 2398 1544 2429 esse,
1585 2389 1625 2420 ut

952 2435 1042 2469 iusti
1066 2434 1146 2469 fieri
1170 2434 1322 2477 possint,
1354 2432 1536 2467 iustitiam
1561 2442 1624 2465 au-

952 2482 1029 2514 tern
1065 2479 1204 2524 ipsam,
1242 2489 1337 2520 quae
1370 2478 1408 2511 in
1446 2476 1624 2511 exercita-

952 2525 1054 2575 tione
1086 2534 1151 2568 pos
1138 2525 1208 2558 ita
1233 2524 1297 2565 sit,
1329 2533 1395 2556 sua
1419 2522 1550 2572 {sp-onte
1577 2521 1624 2553 ab

952 2569 996 2604 iis
1027 2581 1100 2604 non
1133 2567 1274 2618 expeti,
1306 2570 1343 2602 et
1375 2567 1412 2600 in
1444 2578 1488 2601 ns
1514 2565 1625 2600 modo

953 2614 1127 2656 inveniri,
1160 2624 1224 2655 qui
1253 2624 1291 2646 m
1322 2611 1499 2646 societate
1525 2609 1626 2644 civili

951 2661 1149 2694 versentur
1187 2668 1305 2700 eaque
1341 2656 1465 2690 multis
1506 2655 1625 2689 modis

953 2705 1146 2748 cogantur,
1161 2704 1201 2737 ut
1214 2703 1319 2737 illam
1333 2701 1508 2736 virtutem
1523 2711 1625 2735 exer—

954 2751 1071 2784 ceant.

999 2809 1028 2839 6.
1049 2805 1126 2839 καὶ
1146 2803 1188 2839 οἵ
1206 2800 1337 2838 ἄλλοι
1364 2802 1625 2847 δημιουργ]

953 2849 1018 2883 int.
1050 2848 1180 2884 ἱκανοί
1215 2848 1310 2884 εἰσιν
1344 2847 1499 2887 ἕκαστος
1536 2850 1626 2880 πολ-

955 2898 1033 2934 λοῖς
1059 2893 1243 2934 ἰδιώταις.

1305 2949 1352 2983 6
